2134 3098
650 730 1133 785 CORALLINEAE.

212 902 303 936 I'ost
322 901 453 936 editum
474 901 603 936 librum
625 906 783 936 nostrum
804 901 846 936 de
867 901 1026 948 I’liyceis
1047 900 1321 936 beandinavicis
1337 904 1369 945 ¹).
1390 900 1434 935 ad
1456 913 1537 937 oras
1558 909 1702 938 nostras

78 961 227 997 detectae
256 966 338 996 sunt
366 960 472 1005 liujus
500 959 636 995 ordinis
666 960 844 995 nonnullae
873 961 1031 1007 species,
1071 972 1160 1006 quas
1189 960 1246 995 hie
1275 959 1431 994 breviter
1459 961 1637 1006 attingere
1668 962 1700 996 in

78 1021 195 1056 animo
237 1024 301 1054 est.
357 1018 459 1063 Quas
499 1030 583 1053 vero
620 1019 762 1065 plantas
797 1030 875 1053 eum
912 1019 1020 1064 louge
1060 1020 1176 1054 minus
1205 1030 1310 1064 quam
1343 1019 1501 1064 reliquas
1530 1020 1635 1065 algas
1665 1020 1699 1054 in

77 1084 202 1114 natura
229 1077 457 1113 examinandi
486 1078 588 1113 nobis
618 1077 701 1113 data
728 1078 833 1113 fuerit
861 1078 1020 1120 occasio,
1050 1078 1218 1113 lectorem
1248 1082 1411 1122 rogatum
1442 1078 1574 1114 babere
1604 1079 1702 1114 volu-

77 1149 169 1177 mus,
198 1149 240 1172 ne
269 1141 456 1183 exspectet
483 1136 575 1171 tales
605 1137 805 1184 specierum
835 1137 1078 1180 characteres,
1108 1137 1235 1182 quales
1265 1148 1308 1170 ex
1337 1137 1500 1182 longiore
1522 1138 1555 1172 in
1576 1142 1703 1173 natura

78 1196 194 1232 studio
215 1194 437 1231 solummodo
459 1195 570 1231 fluere
600 1197 749 1231 soleant.
805 1196 958 1242 Propter
987 1200 1021 1230 et
1047 1196 1233 1242 penuriam
1264 1196 1497 1241 spec-inunum
1528 1201 1562 1231 et
1590 1208 1703 1242 angu-

77 1255 165 1290 stias
197 1255 370 1300 temporis
410 1254 575 1302 aualysin
611 1255 849 1290 anatomicam
887 1254 1058 1289 omissam
1093 1255 1213 1289 faeere
1249 1266 1372 1289 sumus
1407 1256 1540 1295 coacti,
1567 1256 1702 1290 formas

77 1325 198 1349 earum
228 1318 396 1349 externas
433 1318 467 1348 ct
502 1313 736 1360 proveniendi
772 1313 930 1355 modum‚
968 1313 998 1348 si
1027 1313 1238 1359 poterimus,
1268 1314 1453 1360 paulisper
1482 1313 1702 1348 illustraturi.

620 1464 693 1505 ME
702 1464 731 1505 L
742 1464 842 1505 OBE
855 1464 877 1505 S
887 1464 904 1504 Ι
915 1465 948 1504 A
975 1464 1154 1505 Lamour.

207 1551 241 1590 a)
270 1549 403 1589 Species
429 1549 582 1590 majores,
608 1551 773 1591 saxicolaeg
800 1556 934 1582 stratum
959 1551 1090 1582 inferius
1116 1561 1277 1589 crassum,
1302 1559 1318 1580 e
1345 1550 1530 1580 cellularum
1557 1549 1702 1580 seriebus

275 1601 658 1639 ndseendenti-arcuatis‚
691 1612 731 1633 ex
759 1613 891 1642 quarum
918 1602 1064 1642 apicibus
1097 1606 1230 1633 stratum
1262 1601 1412 1632 corticale
1444 1601 1605 1632 formatur.
1631 1610 1702 1631 con-

276 1657 438 1683 structum

82 1734 111 1766 l.
159 1729 445 1766 MELOBESIA
475 1730 718 1766 Lenormandi
746 1731 895 1767 Areseh.
925 1733 959 1767 in
987 1731 1023 1767 J.
1053 1732 1125 1777 Ag.
1155 1731 1216 1777 Sp.
1248 1743 1279 1765 v,
1308 1733 1339 1765 2.
1362 1742 1393 1777 p.
1416 1732 1498 1764 514.

476 1789 744 1836 Lithopbyllum
765 1789 1008 1825 Leuormandi
1028 1790 1206 1825 Rosanoff
1221 1789 1414 1825 Memoires
1431 1788 1474 1824 de
1491 1788 1705 1834 Cherbourg

477 1861 506 1884 v.
531 1849 602 1883 XII
630 1861 662 1895 p.
693 1851 738 1884 85
768 1855 789 1884 t.
810 1848 854 1884 V.
874 1850 895 1884 f.
920 1850 1079 1888 16-17,
1098 1854 1119 1883 t.
1141 1849 1193 1884 VI
1213 1849 1235 1885 f.
1259 1851 1354 1883 1-3
1373 1852 1408 1883 et
1428 1850 1459 1883 5.

228 1916 286 1952 Ad
328 1927 426 1951 oram
468 1915 729 1952 Baliusiensem
767 1917 930 1963 vulgaris
959 1916 1015 1951 vel
1045 1917 1161 1963 potius
1198 1928 1267 1951 non
1304 1927 1385 1950 rara
1414 1915 1572 1961 species,
1604 1914 1703 1949 saxis

77 1976 329 2023 lapidibusque
365 1987 470 2010 unum
498 1975 520 2010 l.
551 1975 703 2021 quinque
738 1975 851 2022 pedes
880 1976 946 2011 sul)
975 1987 1069 2022 aqua
1097 1975 1273 2011 demersis
1302 1974 1445 2009 adnata.
1500 1972 1558 2008 Ad
1587 1972 1703 2008 Greb-

77 2036 205 2072 bestad
236 2046 349 2082 prope
383 2040 539 2081 portum,
574 2035 635 2069 ubi
667 2035 920 2081 copiosissima
954 2039 988 2069 et
1020 2034 1270 2081 pulcherrima,
1301 2045 1322 2068 a
1350 2032 1453 2067 nobis
1486 2032 1579 2066 18:39
1609 2030 1704 2065 lecta

78 2100 112 2131 et
139 2095 268 2130 deinde
298 2094 341 2129 ab
370 2093 451 2128 aliis
479 2093 513 2128 in
543 2094 661 2128 multis
691 2094 780 2129 locis
808 2094 962 2128 inventa.
1019 2094 1088 2128 Per
1116 2097 1225 2127 totam
1247 2091 1443 2137 Nor-vegiae
1464 2102 1580 2130 oram,
1609 2088 1703 2135 quod

78 2154 274 2201 opinamur,
305 2152 449 2187 minime
479 2152 714 2187 desideratur.

229 2211 542 2258 Descriptionibus
579 2211 672 2246 datis
709 2211 756 2246 nil
785 2212 860 2246 fere
890 2210 1091 2246 addendum
1122 2211 1305 2245 babemus.
1361 2207 1456 2242 Tota
1484 2206 1618 2252 pagina
1648 2207 1703 2241 in-

78 2271 198 2307 feriori
227 2270 374 2310 adnata,
401 2281 527 2305 reeens
554 2270 684 2305 eoloris
711 2271 1020 2316 purpurascentis,
1042 2269 1076 2303 in
1098 2273 1180 2303 aere
1201 2267 1269 2302 cito
1291 2265 1519 2302 albescentis.
1572 2265 1705 2301 Crusta

78 2329 137 2365 vix
164 2329 403 2365 millimetrum
436 2340 580 2371 crassa,
609 2328 817 2364 normaliter
845 2334 880 2362 et
907 2328 940 2362 in
970 2327 1083 2373 primo
1111 2326 1324 2361 evolutionis
1353 2324 1471 2360 stadio
1493 2323 1705 2360 orbicularis

78 2393 113 2423 et
141 2387 313 2424 diametro
343 2399 455 2434 usque
485 2387 797 2434 5—‹3-polliea1·is.
846 2387 1062 2431 Plerumque
1083 2389 1199 2420 autem
1221 2385 1342 2431 plures
1363 2382 1542 2418 confluunt
1559 2387 1705 2422 crustae,

212 2518 230 2554 ¹)
265 2516 346 2546 Aeta
381 2514 459 2554 Ups.
495 2517 563 2545 Ser.
600 2514 693 2545 llzdae
728 2513 815 2543 Tum.
847 2513 925 2543 XIII
951 2523 979 2553 p.
1012 2513 1074 2543 2⁴27»
1105 2516 1134 2542 et
1164 2513 1254 2543 Toni.
1281 2512 1355 2543 xlv
1381 2522 1408 2552 p.
1434 2511 1506 2541 385.
1553 2510 1704 2542 Seorsum

79 2576 192 2598 recusa
216 2566 273 2597 Sul)
299 2565 388 2596 tilulo
417 2567 504 2605 I'ltyc.
530 2566 631 2595 scand.
656 2567 791 2594 num-inan

182 2625 255 2652 Nova
275 2626 340 2651 Acta
359 2624 423 2659 neg.
445 2623 500 2649 Soc.
521 2623 560 2648 Sc.
581 2622 641 2656 sps.
662 2622 718 2647 Ser.
738 2622 785 2647 111.
1594 2620 1606 2644 1
