2080 3006
571 205 886 242 OBSERVA'rioNEs
915 207 1206 243 PnYeOLoGwAE.

1619 211 1659 278 '02

320 307 356 325 *ἢ
379 306 562 346 Sporangia
584 306 605 336 4
629 316 743 346 spor-as
769 308 920 338 foventia.

78 378 110 411 4.
162 374 449 411 MELOBESIA
483 374 666 420 pustulata
692 374 860 410 Lamour.
890 375 1040 410 Aresch.
1076 375 1096 409 l.
1127 388 1154 412 c.
1186 389 1216 423 p.
1248 379 1331 412 513.
1362 378 1539 413 Rosanoff
1564 379 1585 416 l.
1614 390 1641 415 c.
1672 390 1705 425 p.

485 435 529 467 72
558 438 570 467 t
607 432 655 467 IV
685 433 706 467 f.
738 435 845 469 2—3.

226 509 348 544 Variis
387 509 482 554 algis
522 508 654 543 adnata
695 509 739 543 ad
769 520 866 544 oram
904 515 1061 545 nostram
1098 511 1376 555 occidentalem,
1403 514 1534 549 ceteris
1563 515 1703 559 specie-

77 568 142 603 bus
171 568 294 602 rarior.
349 567 497 614 Optima
524 567 721 614 specimina
749 568 794 602 ab
823 568 894 603 oris
923 568 1120 615 Norvcgiae
1147 569 1312 613 vidimus,
1342 571 1454 606 radici
1484 573 1704 608 Laminariae

77 626 241 672 digitatae
270 626 473 669 insidentia,
507 637 561 660 ex.
590 638 643 671 gr.
673 637 783 672 prope
813 626 1027 672 Stavanger.

230 684 377 720 Omissa
411 684 611 719 Melobesia
640 684 898 727 Leuormandi,
928 685 1006 720 liaec
1035 690 1089 720 est
1119 697 1137 720 e
1168 687 1299 722 uostris
1329 687 1501 723 diametro
1530 690 1702 729 maxima,

76 749 113 779 ut
144 755 197 779 cm
237 754 335 790 saepe
371 754 565 789 superans,
599 749 633 778 et
669 742 821 789 denique
853 744 951 779 calce
978 744 1028 779 ita
1055 744 1271 788 incrustata,
1309 752 1345 781 ut
1380 747 1426 781 sit
1453 749 1527 782 scre
1556 748 1701 795 lapidea

77 807 111 837 et
137 802 307 837 facillime
337 803 533 847 frangatur.
576 801 704 837 Junior
734 813 817 837 vero
847 814 924 837 cum
947 803 1077 838 ceteris
1107 814 1175 838 non
1205 803 1351 839 difficile
1377 806 1546 841 confundi
1572 811 1701 852 potest.

77 860 283 896 Oeramidia
312 860 581 899 tumulisormia:
615 861 813 906 sporangia
851 866 1015 907 quattuor
1043 873 1171 908 speras
1201 863 1430 901 continentia,
1486 864 1566 900 Sori
1595 870 1703 900 tetra-

76 919 242 965 sporiferi
273 924 307 954 ct
335 918 551 961 antheridia,
583 924 752 965 quantum
782 920 935 960 scimus,
963 921 1118 956 nondum
1148 921 1302 956 inventa.

78 1088 109 1123 5.
164 1085 452 1122 MELOBESIA
488 1086 761 1121 membranacea
794 1086 961 1122 Lamour.
994 1088 1142 1123 Arescli.
1179 1089 1198 1124 1,
1234 1102 1262 1123 c.
1298 1101 1330 1135 p.
1370 1092 1438 1124 112
1469 1091 1547 1136 (pro
1576 1093 1704 1135 parte).

489 1144 668 1180 Rosanoff
691 1145 711 1180 l.
742 1158 769 1181 c.
800 1157 830 1191 p.
862 1147 922 1189 (56,
953 1150 974 1181 t.
1004 1146 1037 1181 II
1066 1147 1088 1181 f.
1118 1149 1240 1182 3—1415
1272 1152 1306 1182 et
1333 1153 1354 1183 t,
1385 1148 1437 1182 111
1466 1149 1486 1183 f.
1522 1151 1550 1183 1.

233 1220 359 1255 Multis
394 1221 557 1266 algarum
592 1220 784 1267 speciebus
820 1221 1042 1262 increscens,
1071 1223 1277 1258 normaliter
1305 1223 1468 1269 beneque
1498 1224 1642 1259 evoluta
1670 1225 1704 1259 iu

77 1279 211 1327 planis,
243 1291 296 1314 eX.
332 1291 385 1325 gr.
422 1279 673 1326 Rhodymenia
707 1280 867 1326 palmata
896 1286 930 1315 et
958 1280 1129 1316 Chondro
1159 1282 1297 1328 crispo.
1328 1282 1422 1317 intra
1450 1283 1579 1318 taenias
1608 1287 1703 1318 exte—

77 1339 191 1374 riores
218 1338 330 1373 maris
358 1338 606 1373 Bahusicnsis.

233 1396 377 1432 Crustae
405 1408 510 1443 quam
541 1397 574 1431 in
603 1397 838 1442 sequentibus
868 1397 1006 1433 duabus
1037 1398 1152 1433 minus
1173 1398 1404 1441 confluentes,
1427 1399 1562 1445 saepius
1582 1399 1706 1435 distin-

76 1462 160 1493 ctae:
202 1456 361 1501 juniores
396 1456 445 1490 ita
471 1456 773 1496 membranaccae,
804 1461 841 1491 ut
870 1456 968 1491 color
995 1456 1110 1502 ipsius
1141 1457 1300 1492 matricis
1329 1458 1565 1496 transluceat:
1607 1458 1706 1494 adul-

76 1516 185 1551 tiores
230 1514 349 1559 magis
389 1514 618 1557 incrustatae‚
662 1515 735 1549 fere
770 1514 904 1550 inflatae
939 1520 973 1550 ct
1001 1514 1155 1560 (lenique
1184 1516 1258 1550 fere
1291 1516 1462 1563 lapideae,
1498 1517 1707 1564 plerumque

78 1585 161 1609 vero
190 1573 355 1619 margine
384 1573 581 1609 crenulatae
601 1578 635 1608 et
655 1574 843 1609 obscurius
864 1573 1088 1608 concentrice
1109 1574 1262 1617 sittace,
1284 1575 1459 1611 diametro
1481 1578 1575 1611 1—3
1592 1576 1708 1611 lineas

77 1637 284 1679 aequantes,
305 1631 458 1678 indeque
479 1644 522 1667 cx
543 1632 689 1674 nostris,
712 1644 791 1678 quae
811 1633 845 1667 in
868 1632 963 1678 algis
984 1632 1163 1676 habitant,
1187 1645 1264 1668 cuin
1286 1634 1331 1669 M.
1348 1634 1530 1680 pustulata
1552 1635 1708 1670 maxima

78 1691 231 1738 species.
289 1690 495 1726 Ceramidia
524 1690 958 1737 hemisphaerico-conica;
993 1692 1192 1738 sporangia
1227 1698 1247 1727 4
1276 1704 1403 1739 sporas
1440 1693 1607 1730 foventia.
1637 1693 1707 1728 Te-

76 1755 251 1797 trasporae
287 1749 388 1796 (Ros.
421 1750 441 1784 l.
472 1761 500 1785 c.
531 1754 552 1784 t.
580 1749 633 1784 III
660 1750 682 1784 f.
716 1752 749 1795 1)
779 1754 813 1785 et
841 1750 1042 1785 antheridia
1077 1750 1179 1797 (Ros.
1209 1751 1229 1786 l.
1260 1763 1287 1787 c.
1317 1756 1337 1787 t.
1365 1751 1400 1786 II
1427 1751 1449 1786 f.
1482 1755 1643 1798 14—15)
1674 1753 1708 1787 in

79 1810 146 1845 hac
175 1808 297 1856 specie
324 1809 471 1844 iuventa
500 1813 590 1844 sunt.

80 1985 111 2016 fi.
165 1979 451 2017 MELOBESIA
486 1980 652 2026 Lejolisii
680 1979 858 2015 Rosanoff
882 1980 905 2015 l.
935 1993 963 2017 c.
993 1993 1025 2027 p.
1057 1984 1102 2016 02
1129 1986 1149 2017 t.
1181 1982 1196 2017 Ι
1224 1984 1246 2017 t'.
1281 1984 1411 2018 1-12.

281 2061 327 2064 -
491 2039 767 2074 membranacea
800 2038 949 2075 Aresch.
979 2040 1090 2087 Phyci
1120 2052 1168 2076 sc.
1197 2052 1229 2087 p.
1269 2053 1278 2076 c
1313 2045 1347 2075 et
1376 2040 1409 2074 in
1440 2038 1476 2075 J.
1499 2039 1568 2085 Ag.
1598 2039 1658 2086 Sp.
1689 2040 1709 2074 l.

490 2109 517 2133 e.
551 2111 581 2145 p.
616 2101 684 2134 112
713 2099 850 2146 (quoad
882 2099 1039 2145 plantam
1068 2099 1102 2134 in
1131 2099 1307 2144 Zostera)

233 2174 273 2209 In
299 2178 449 2219 utraque
477 2175 614 2219 pagina
632 2175 708 2210 folii
729 2176 891 2211 Zosterae
914 2175 1075 2218 marinae,
1105 2186 1183 2210 cum
1205 2178 1378 2220 sequente
1399 2173 1522 2220 specie
1543 2184 1709 2220 saepeuu-

81 2245 179 2269 mero
208 2233 411 2280 promiscue
440 2244 619 2268 crescens.

232 2291 368 2327 Habitu
397 2303 418 2325 a
446 2297 635 2336 sequente,
665 2293 722 2328 cui
750 2293 929 2339 proxima,
959 2291 1077 2326 differt
1104 2291 1138 2325 in
1169 2302 1228 2330 eo,
1251 2289 1345 2335 quod
1361 2289 1396 2324 in
1412 2289 1566 2325 Zostera
1581 2290 1711 2325 format.

82 2356 213 2399 puncta
241 2351 262 2387 l.
291 2354 431 2385 crustas
460 2361 593 2396 parvas
621 2351 857 2393 orbiculares,
895 2350 1044 2396 primum
1075 2349 1264 2384 distinctas
1292 2348 1445 2394 denique
1472 2347 1709 2392 confluentes,

74 2410 239 2457 juniores
277 2409 421 2453 rubras,
466 2409 662 2444 adultiores
704 2409 784 2455 plus
819 2408 935 2443 minus
976 2408 1204 2442 albescentes
1240 2412 1275 2441 et
1306 2407 1455 2449 fractas,
1493 2418 1561 2452 quo
1589 2407 1712 2443 folium

80 2469 244 2505 Zosterae
270 2467 375 2513 quasi
402 2467 519 2502 farina
547 2471 823 2513 conspurcatum
852 2466 1025 2502 videatur.
1079 2464 1288 2501 Ceramidia
1321 2465 1355 2499 in
1385 2465 1515 2500 crustis
1544 2475 1711 2501 numero-

82 2527 228 2564 sissima
257 2526 441 2571 densoque
472 2525 738 2571 approximata,
762 2535 871 2570 quare
900 2525 934 2560 in
962 2524 1095 2560 scholis
1124 2535 1203 2558 earn
1223 2523 1457 2559 Melobesiam
1479 2523 1713 2570 polycarpam
