2080 3006
554 227 867 264 OsssnnvAfloNEs
900 229 1178 265 l'chorocicE.
1585 232 1630 269 33

46 401 78 434 4.
134 394 518 433 DIOTYOSIPHON
545 396 787 444 (Coilonema)
817 397 1020 442 Mesogloia
1049 397 1197 433 Aresch.

198 506 329 542 Planta
361 505 640 552 ‹VJ-„spollieari
672 505 1069 541 olivaceo-flavescente
1098 506 1265 550 flaccida,
1295 507 1355 543 filo
1386 508 1555 554 primario
1593 508 1675 542 sub—

45 565 198 613 simplici
226 565 247 601 l.
277 564 386 600 ramis
420 565 601 610 elongatis
643 564 867 611 simplicibus
904 564 923 599 l.
959 565 1131 600 ramulum
1168 577 1274 601 unum
1303 566 1502 602 alterumve
1532 571 1674 613 portan-

45 625 136 660 tibus
164 635 228 671 per
256 628 366 658 totam
395 623 656 669 longitudinem
687 624 850 659 obsesso.

155 738 186 760 a.
214 725 273 760 filo
311 724 479 770 primario
521 726 630 760 ramis
672 736 777 761 secus
820 730 928 760 totam
976 724 1235 771 longitudinem
1275 726 1546 772 egredientibus
1590 727 1673 760 sub-

213 784 436 830 simplicibus
465 785 627 820 obsesso.

214 843 478 890 Diotyosiplnon
522 844 727 890 Mesogloia
768 842 917 878 Arescli.
961 843 1042 888 Alg.
1085 854 1134 878 sc.
1178 854 1252 879 exs.
1289 855 1319 878 n.
1372 845 1441 878 10ss
1476 845 1621 889 (1862).

210 909 423 946 Coilonema
455 911 658 956 Mesogloia
686 910 833 945 Arescli.
867 910 887 944 l.
917 922 945 944 6.
978 922 1009 945 n.
1040 912 1122 945 324.

144 987 169 1022 b.
211 987 271 1021 filo
302 988 469 1033 primario
501 987 679 1022 crassiore
709 987 932 1034 subsimplici
962 987 982 1022 l.
1013 999 1118 1023 unum
1146 988 1343 1022 alterumve
1372 998 1509 1022 ramum
1532 986 1672 1032 longio-

213 1057 286 1081 rem
316 1051 350 1081 et
378 1058 485 1093 parce
515 1046 916 1092 capillari-ramulosum
944 1051 1120 1093 portante.

197 1147 252 1182 Ad
295 1147 416 1182 littora
450 1148 484 1182 111
510 1148 617 1183 fundo
649 1159 754 1183 unum
793 1148 813 1182 l.
848 1147 937 1183 duos
966 1148 1079 1194 pedes
1115 1147 1295 1190 demerso,
1332 1146 1466 1193 lapillis
1510 1146 1671 1181 adnatus¹

44 1207 176 1242 Forma
204 1220 234 1241 α.
260 1207 333 1253 jam
368 1208 463 1242 1834
493 1218 514 1241 a
542 1207 645 1242 nobis
676 1207 769 1242 lecta
797 1207 842 1242 ad
879 1207 969 1243 Sars»
998 1207 1032 1241 in
1064 1205 1279 1248 Hallandia,
1310 1205 1441 1240 deinde
1469 1205 1514 1240 ad
1543 1204 1672 1240 Fiske-

45 1265 214 1301 backskil
243 1265 277 1299 in
306 1265 466 1300 Baliusia
491 1265 706 1311 tandemque
735 1278 756 1301 a
785 1266 942 1301 Domina
970 1265 1004 1301 S.
1035 1252 1243 1301 sikermark
1272 1269 1373 1299 extra
1398 1264 1673 1310 Gotlioburgum

45 1336 154 1371 prope
182 1323 415 1360 Warholmen
444 1325 598 1359 inventa.
642 1325 776 1360 Forma
805 1326 830 1359 b.
851 1325 896 1361 ad
918 1324 1164 1361 Gottlandiam
1186 1324 1276 1369 legit
1296 1328 1330 1358 et
1353 1322 1557 1368 benigniter
1577 1334 1671 1358 com-

44 1383 236 1419 municavit
263 1382 339 1419 Cel.
369 1383 465 1419 Prot'.
495 1382 616 1419 Cleve.
642 1405 683 1410 —
707 1384 838 1420 Planta
867 1384 1040 1423 vernalis,
1070 1383 1253 1418 mensibus
1283 1382 1381 1430 Maio
1412 1387 1446 1417 et
1473 1381 1582 1418 duuio
1612 1393 1675 1428 op-

43 1442 127 1478 time
155 1442 313 1482 evoluta,
342 1446 425 1476 ante
454 1442 590 1477 initium
620 1441 707 1477 duni
739 1443 902 1479 evanida.

194 1510 241 1544 Et
268 1521 290 1544 a
319 1509 436 1555 priore
469 1514 504 1544 et
531 1510 577 1545 ab
607 1516 780 1556 sequente
809 1512 977 1547 facillime
1004 1512 1039 1546 in
1069 1522 1111 1546 eo
1140 1509 1381 1555 distinguitur,
1411 1507 1506 1554 quod
1526 1512 1598 1542 tam
1619 1511 1675 1542 est

43 1569 179 1604 lubrica
207 1573 242 1603 et
269 1567 438 1609 flaccida,
468 1574 505 1603 ut
530 1580 608 1604 eam
638 1569 875 1615 Mesogloiam
905 1582 987 1606 esse
1016 1569 1193 1606 crederes.
1237 1567 1328 1604 Cum
1350 1567 1580 1603 crassissima
1599 1571 1670 1610 est,

44 1628 112 1663 duo
140 1628 160 1664 l.
189 1627 257 1662 tria
286 1639 354 1662 mm
384 1638 527 1673 aequare
556 1627 706 1671 videtur,
744 1640 843 1675 saepe
868 1641 953 1665 vero
982 1628 1178 1675 angustior.
1236 1626 1443 1674 Speoimina
1471 1637 1584 1672 usque
1612 1637 1672 1672 pe-

44 1686 140 1722 dalia
165 1691 199 1721 et
226 1687 333 1728 ultra,
360 1686 531 1731 elongata
560 1692 594 1722 et
620 1687 726 1722 valde
759 1689 895 1728 tenuia,
929 1688 1092 1735 Dictyos.
1122 1687 1287 1722 foenicul.
1316 1696 1390 1720 var.
1418 1685 1608 1721 flaccidam
1636 1685 1671 1720 in

45 1745 249 1781 memoriam
293 1757 361 1780 non
392 1746 483 1781 male
512 1751 683 1781 revocant
711 1746 817 1793 (talia
846 1747 880 1782 in
916 1747 1034 1794 priore
1069 1745 1379 1792 memoravimus),
1407 1744 1471 1779 sed
1503 1743 1672 1779 distincta

44 1808 162 1840 manet
196 1816 338 1851 semper
373 1805 481 1840 ramis
513 1805 737 1851 simplicibus
772 1806 922 1853 basique
958 1806 1168 1847 attenuatis,
1210 1809 1248 1840 ut
1289 1803 1333 1839 de
1369 1814 1455 1838 vera
1489 1802 1672 1848 utriusque

45 1863 245 1898 differentia
272 1875 449 1909 nunquam
480 1860 693 1899 dubitemus.

45 2058 78 2091 5.
132 2056 513 2094 DICTYOSIPHON
542 2058 788 2105 (Coilonema)
817 2059 973 2094 Ekmani
999 2059 1150 2094 Aresch.

196 2175 325 2210 Planta
359 2175 571 2222 caespitosa,
608 2176 678 2211 filis
713 2175 921 2211 normaliter
955 2176 1179 2223 simplicibus
1214 2189 1233 2211 e
1271 2174 1389 2210 media
1417 2176 1521 2220 parte
1550 2172 1672 2207 inflata

45 2234 206 2280 utrinque
237 2238 343 2269 tenue
372 2234 580 2276 attenuatis,
614 2234 753 2270 cellulis
782 2235 884 2269 strati
913 2235 1094 2271 corticalis
1115 2234 1310 2281 maioribus
1327 2233 1362 2267 in
1380 2232 1540 2267 sectione
1558 2236 1672 2266 traus-

46 2293 176 2328 versali
218 2292 488 2328 horizontaliter
529 2293 672 2328 seriatis
700 2293 936 2328 exterioribus
971 2293 1288 2340 protuberantibus
1318 2294 1352 2325 et
1378 2290 1460 2325 laxe
1487 2290 1673 2330 cohibitis,

47 2351 325 2398 zoosporangiis
355 2351 636 2387 unilocularibus
664 2351 817 2397 magnis.

197 2418 235 2453 In
265 2418 528 2465 Scytosiphone
557 2418 768 2454 lomentario
796 2418 840 2453 ad
870 2418 1075 2454 Marstrand
1095 2423 1130 2453 et
1150 2418 1195 2453 ad
1217 2416 1497 2454 Christiansuiul
1525 2416 1560 2451 in
1581 2415 1672 2451 Nor-

46 2476 161 2522 vegia.
216 2477 290 2523 Ipsi
320 2481 354 2512 et
382 2476 459 2513 Cel.
489 2477 584 2512 Prof.
616 2477 794 2512 Ekman.
849 2477 1033 2513 Mensibus
1060 2477 1147 2522 Maji
1175 2481 1210 2512 et
1231 2476 1339 2513 Junii.

147 2569 220 2596 Nova
240 2570 306 2596 Acta
324 2569 388 2603 Reg.
409 2570 465 2596 Soc.
486 2570 525 2595 Sc.
546 2569 607 2602 Ups.
628 2570 682 2595 Ser.
702 2570 750 2596 ΙΙΙ.
1559 2567 1575 2591 5
