2080 3006
453 239 499 272 30
1030 235 1063 273 J.
1091 237 1132 272 E.
1162 237 1412 281 Anescnoce,

439 341 508 373 3zto
555 338 650 373 binae
680 349 771 373 nunc
800 338 1013 375 rotundatze.
1045 350 1136 374 nunc
1165 339 1290 375 orales
1317 341 1514 386 rostrisque
1535 352 1724 381 connexae,
1749 341 1812 377 sed
1834 345 2037 388 1›aucae(11t

556 397 590 431 in
622 397 692 432 tab.
723 396 774 431 ΙΙΙ
805 396 866 442 fig.
899 399 945 442 7).

556 473 708 508 Postero
737 472 794 507 die
825 473 912 508 liora
941 474 993 508 XI
1021 486 1051 510 a.
1080 486 1124 509 m.
1154 473 1289 520 pluries
1318 475 1522 509 observatae
1546 475 1687 510 fuerunt
1715 476 1809 512 binae
1838 477 2033 523 copulatae,

403 533 528 568 rostris
562 532 665 568 valde
701 532 881 577 elongatis
918 534 974 578 (ut
1002 532 1036 567 in
1065 533 1134 568 tab.
1163 532 1217 568 III
1244 532 1305 578 fig.
1331 534 1422 578 Ξ)α.).,
1453 544 1601 579 quarum
1631 534 1666 569 in
1695 535 1873 571 nonnullis
1911 537 2033 572 obser-

403 597 521 626 vatum
550 592 614 627 fuit
639 591 673 626 in
704 591 927 626 extremitate
957 591 1125 628 inferiore
1154 592 1449 638 phaeozoosporae
1470 593 1636 629 femineae
1657 594 1730 628 tubi
1759 595 2032 639 germinationis

403 650 634 696 primordium
664 661 823 685 verruca}
852 650 973 686 instar.

404 804 436 836 2.
491 801 874 838 DICTYOSIPHON
900 802 1167 838 foeniculaeeus
1197 802 1352 851 (Huds.).

557 903 688 939 Planta
730 915 843 950 usque
886 903 1054 950 tripedali
1090 904 1489 940 olivaceo—fiavescente
1519 904 1655 938 inferne
1684 904 2033 940 fistuloso-tubulosa

402 975 556 1010 superne
590 963 671 1010 plus
706 963 821 998 minus
856 962 974 998 solida
1003 963 1462 1008 elongato—ramosissima,
1504 963 1614 998 ramis
1643 963 1791 999 alternis
1820 964 1843 999 l.
1874 975 2033 999 nonnun-

402 1034 507 1068 quam
536 1022 713 1069 oppositis
748 1022 899 1068 repetite
937 1021 1146 1062 ramulosis‚
1180 1022 1321 1057 cellulis
1351 1023 1453 1057 strati
1487 1022 1667 1057 corticalis
1699 1022 1816 1057 tenuis
1844 1023 1968 1069 parvis
1996 1023 2031 1058 iu

401 1082 590 1127 superficie
607 1080 982 1127 augulato-quadratis
998 1081 1018 1115 l.
1029 1080 1228 1116 rotundatis
1245 1081 1523 1116 endochromate
1535 1080 1859 1117 tenuiflavescente
1873 1082 2031 1129 repletis,

402 1141 541 1176 cellulis
568 1142 670 1175 strati
696 1140 824 1175 interni
854 1145 889 1174 et
919 1139 1090 1175 tenuioris
1119 1140 1392 1186 angustioribus
1411 1152 1429 1175 e
1447 1141 1654 1175 membrana
1670 1141 1829 1176 tenuiore
1846 1145 2030 1177 construc-

400 1200 461 1239 tis,
483 1200 847 1246 phaeozoosporanun
869 1203 1015 1245 utroque
1035 1198 1117 1234 cilio
1140 1199 1274 1234 visibili
1291 1204 1326 1234 et
1346 1200 1497 1245 granulo
1517 1199 1656 1234 laterali
1677 1199 1712 1234 in
1733 1199 1899 1235 inferiore
1920 1206 2031 1247 parte.

553 1275 794 1323 Scytosiphon
837 1275 1105 1310 foeniculaecus
1147 1274 1305 1320 (Huds.).
1349 1274 1637 1321 Ly11glJ.Hyd1·.
1677 1286 1709 1321 p.
1745 1277 1790 1310 (53
1826 1277 1896 1311 tab.
1940 1275 2031 1312 140

840 1335 991 1381 (exclus.
1022 1334 1083 1380 fig.
1114 1336 1162 1379 ὃ).

554 1393 819 1440 Dictyosiphou
837 1394 1105 1429 foeniculaceus
1120 1391 1149 1434 β
1167 1392 1272 1440 (excl.
1288 1392 1336 1440 b.)
1356 1391 1505 1429 Aresch.
1523 1392 1632 1440 Phyc.
1648 1404 1695 1429 sc.
1712 1404 1837 1439 maup.
1856 1394 1924 1428 148
1959 1393 2030 1428 tab.

836 1455 865 1489 7.
897 1475 943 1478 ——
963 1452 1047 1498 Alg.
1077 1463 1125 1487 sc.
1155 1463 1230 1487 exs
1260 1463 1291 1487 u.
1326 1454 1395 1487 103
1425 1457 1460 1487 et
1490 1464 1521 1489 n.
1552 1454 1635 1487 319.

556 1530 673 1565 Variis
707 1529 803 1575 algis
840 1529 1040 1576 praesertim
1083 1528 1465 1576 phaeozoosporaceis,
1506 1533 1543 1563 ut
1578 1528 1735 1564 Ohordae
1768 1528 2032 1574 flagelliformi,

400 1588 602 1637 Seytosiph.
624 1589 852 1631 lomentario,
883 1588 1068 1636 Phyllitidi
1088 1588 1248 1633 Fasciae‚
1270 1588 1428 1624 Chordae
1448 1587 1544 1630 Filo,
1566 1588 1673 1623 immo
1690 1587 1949 1634 Phloeosporae
1969 1587 2030 1622 ad-

400 1653 519 1691 natus,
549 1660 627 1684 cum
664 1647 708 1682 ad
738 1660 836 1683 oram
866 1647 1121 1683 Scandinaviae
1149 1652 1259 1683 totam
1290 1647 1550 1683 occidentalem
1578 1652 1649 1682 tum
1678 1647 1714 1682 iu
1748 1646 1836 1682 mari
1865 1647 2031 1682 orientali

399 1720 511 1754 usque
541 1707 586 1742 ad
615 1707 763 1748 Dalaro,
794 1707 975 1753 praecipue
1002 1707 1037 1741 in
1067 1707 1299 1742 interioribus
1329 1706 1490 1749 sinubus,
1520 1707 1610 1741 locis
1638 1706 1785 1742 vadosis
1814 1706 1975 1752 vulgaris
1997 1710 2032 1741 et

399 1779 498 1813 saepe
526 1767 560 1801 iu
590 1767 762 1802 societate
793 1766 1069 1812 Phloeosporae3
1107 1765 1151 1801 dc
1179 1772 1300 1801 cetero
1327 1765 1462 1812 lapillis
1491 1766 1709 1812 conchisque
1737 1766 1942 1801 innascens.
1998 1765 2031 1800 A

398 1838 521 1861 mense
550 1825 680 1860 Martio
712 1837 824 1871 usque
852 1826 886 1860 in
913 1825 1179 1871 Septembrem
1209 1836 1331 1860 mense
1361 1824 1457 1870 Majo
1487 1824 1619 1871 optime
1648 1825 1786 1870 vigens.

551 1884 685 1919 Habitu
715 1889 749 1918 et
778 1884 1025 1930 magnitudine
1046 1895 1124 1919 cum
1146 1884 1396 1929 l’liloeospora
1415 1883 1464 1918 ita
1484 1884 1665 1924 convenit,
1685 1889 1721 1919 ut
1740 1889 1889 1929 utraque
1906 1882 2030 1929 planta

398 1943 543 1979 difficile
573 1943 824 1989 distinguatur,
853 1943 921 1978 nisi
951 1943 1053 1978 oculo
1082 1948 1233 1981 armato:
1264 1942 1373 1987 longe
1403 1954 1487 1977 vero
1508 1942 1690 1978 difficilius
1717 1955 1738 1978 a
1765 1942 1884 1989 priore
1906 1941 2028 1987 specie

399 2003 631 2048 dignoscitur.
675 2001 785 2037 Color
811 2007 930 2037 tamen
954 2002 1072 2048 magis
1094 2002 1127 2036 in
1150 2001 1406 2036 flavescentem
1427 2013 1594 2047 vergens,
1607 2006 1643 2037 et
1658 2001 1719 2037 fila
1737 2001 1910 2036 tenuiora.
1947 2000 2029 2036 Cel-

398 2062 481 2097 lulae
504 2062 604 2097 strati
627 2061 806 2097 corticalis
829 2062 970 2097 circiter
986 2064 1006 2095 5
1023 2066 1136 2096 mermm
1158 2060 1297 2106 longae,
1319 2061 1503 2106 angulatae
1523 2061 1543 2097 l.
1564 2059 2029 2107 angulato-subquadratae‚

397 2125 432 2155 et
459 2121 615 2156 minores
644 2132 749 2167 quam
790 2121 824 2156 in
861 2121 978 2167 priore
1012 2120 1144 2166 specie.
1198 2120 1238 2154 In
1267 2120 1483 2154 ramulorum
1513 2120 1677 2166 apicibus
1706 2130 1805 2164 saepe
1834 2119 2029 2153 observan-

398 2185 452 2214 tur
485 2180 546 2226 pili
583 2180 718 2226 hyalini
753 2186 788 2214 et
823 2181 896 2214 fere
939 2179 1113 2226 oppositi,
1153 2179 1293 2213 cellulis
1327 2190 1391 2213 seu
1420 2179 1581 2214 articulis
1608 2178 1687 2213 basi
1716 2176 2027 2219 subbrevioribus‚

398 2250 551 2285 superne
572 2250 684 2284 usque
706 2239 831 2284 25·plo
855 2238 1028 2273 diametro
1044 2237 1278 2283 longioribus.
1309 2237 1348 2271 In
1375 2237 1493 2282 priore
1514 2237 1636 2284 specie
1657 2237 1691 2272 hi
1711 2236 1773 2284 pili
1797 2235 1915 2283 sparsi
1932 2239 2027 2278 sunt,

397 2302 505 2334 totam
545 2298 701 2344 plantam
738 2302 894 2332 tomento
928 2296 1158 2331 obducentes.
1214 2296 1467 2331 Tubulationis
1501 2296 1676 2332 diameter
1711 2301 1766 2331 est
1803 2295 1837 2330 in
1873 2294 2028 2330 diversis

397 2357 653 2403 speciminibus
675 2362 709 2391 et
730 2357 762 2391 in
787 2355 941 2390 diversis
963 2355 1125 2401 ejusdem
1143 2355 1278 2401 planta}
1299 2355 1460 2401 partibus
1477 2356 1606 2390 eximie
1622 2354 1817 2390 variabilis.
1847 2352 2027 2388 Interdum

397 2416 540 2451 inflatur
560 2416 623 2456 ita,
647 2421 683 2451 ut
708 2415 897 2450 reducatur
923 2418 1071 2449 stratum
1094 2415 1270 2449 internum
1294 2414 1328 2449 iu
1351 2419 1499 2449 stratum
1523 2418 1644 2454 tenue,
1673 2426 1694 2448 a
1723 2417 1834 2449 strato
1862 2411 2026 2448 corticali

398 2476 576 2510 obtectum
608 2480 643 2510 et
662 2473 916 2510 tubulationem
934 2473 1169 2509 circumdans.
1209 2472 1388 2508 Interdum
1405 2473 1439 2508 in
1457 2473 1514 2507 axi
1531 2473 1839 2508 tenui-fistulosus.
1869 2470 2025 2517 Speran—

398 2535 460 2580 gia
490 2534 722 2569 unilocularia
751 2533 784 2568 in
814 2533 1004 2578 superficie
1028 2533 1161 2578 plantae
1182 2533 1391 2579 plerumque
1412 2531 1722 2578 longitudinaliter
1756 2530 1931 2576 elliptica,
1961 2529 2024 2564 sed

397 2605 496 2639 saepe
539 2598 573 2628 ct
613 2592 812 2640 sphaerica,
857 2591 891 2626 in
935 2592 1094 2626 sectione
1128 2603 1212 2627 vero
1241 2591 1458 2626 transvesali
1493 2595 1575 2626 sunt
1603 2590 1874 2625 horizontaliter
1902 2593 2024 2631 ovata,
