2080 3006
572 225 887 262 OrisizuvAitouEs
912 227 1206 263 Pm’coiioeieAE.
1616 268 1620 271 ,
1641 233 1660 263 υ

227 327 474 374 Nitopbyllum
505 338 557 373 sp.
586 326 730 361 Ekman
764 327 904 372 Rich-ag
932 329 1066 372 (1857)
1097 340 1127 374 p.
1159 340 1182 363 4.

326 408 373 411 ——
500 390 648 431 reptans
684 387 826 421 Urouau
865 387 994 421 Anual.
1034 386 1097 422 des
1133 387 1189 423 Sc.
1226 393 1296 422 nat.
1332 392 1412 423 tom.
1449 389 1529 432 XV,
1564 391 1709 426 Florule

504 443 549 479 du
578 444 758 479 Finistere
787 457 820 491 p.
854 447 932 481 133.

229 513 267 547 In
308 512 429 558 stipite
459 511 677 546 Laminariae
707 511 871 557 digitatae
909 513 953 547 ad
990 513 1142 548 insulam
1172 512 1263 548 Grib
1297 517 1398 548 extra
1428 513 1707 552 Christiansund

74 572 106 606 in
137 571 325 616 Norvegia
353 571 442 616 legit
470 570 535 605 Cel
577 569 673 606 Prot'.
704 570 864 608 Ekman,
896 583 1018 606 mense
1047 572 1216 616 Augusto
1249 574 1354 607 1853.

226 629 485 676 Descriptioni‚
513 639 618 674 quam
653 628 673 662 l.
704 641 732 664 c.
763 629 862 665 dedit
890 630 993 675 hujus
1023 631 1154 677 plantae
1184 631 1363 669 inventor,
1389 633 1437 667 nil
1467 634 1540 669 fere
1570 635 1703 671 addere

74 700 276 736 possumus.
332 688 420 724 Cum
458 700 543 722 vero
578 688 639 722 illa
674 687 881 724 dissertatio
918 690 1043 736 paucis
1072 690 1271 735 algologis,
1310 697 1346 725 ut
1375 691 1524 736 videtur,
1560 694 1705 740 cognita

74 747 136 787 sit,
162 747 229 781 hac
260 746 304 782 de
333 748 455 794 planta
484 747 656 782 nonnulla
683 747 812 782 afferre
843 760 909 782 non
934 748 1058 784 inutile
1074 748 1258 784 babemus
1288 748 1451 794 Thallus,
1473 764 1543 787 see.
1561 753 1704 788 Ekman

73 805 94 842 l.
123 818 163 847 c.,
192 806 377 841 rarissime
409 806 575 852 pollicem
606 806 737 851 longus
769 811 802 841 et
832 807 1093 853 semipollieem
1123 808 1233 849 latus,
1265 808 1473 855 plerumque
1489 822 1574 846 vero
1597 812 1705 858 longe

73 864 195 908 minor,
226 865 362 911 pagina
402 865 570 900 inferiore
606 865 716 911 stipiti
750 865 970 901 Laminariae
1009 866 1172 912 digitatze
1200 872 1271 901 tam
1301 872 1399 903 arcte
1428 869 1640 916 adpressus,
1670 878 1705 907 ut

71 923 185 958 foveis
227 924 408 970 sulcisque
451 924 583 971 stipitis
627 924 846 958 Laminariae
874 936 912 959 se
942 926 1114 971 applicet,
1143 926 1290 961 rbizinis
1320 938 1339 960 e-
1372 928 1508 973 pagina
1535 929 1703 965 inferiore

72 983 356 1031 propullantibus
397 983 598 1018 arctissime
640 987 809 1019 retentus.
865 983 1029 1019 Rhizinae
1065 985 1306 1028 brevissimae,
1337 986 1536 1033 simplices,
1572 992 1704 1024 teretes

72 1047 105 1078 et
132 1054 151 1078 e
180 1042 339 1089 pluribus
368 1042 575 1077 cellularum
606 1042 768 1077 seriebus
797 1046 987 1082 contextae‚
1017 1043 1180 1089 apicibus
1201 1044 1502 1081 scutelliforiniter
1523 1048 1704 1093 expansis.

72 1101 186 1137 Venae
213 1112 340 1147 sparse
370 1112 539 1143 ramosae,
559 1101 633 1135 fere
650 1100 683 1135 in
701 1101 824 1147 apices
840 1101 1048 1136 laeiniarum
1066 1107 1311 1145 excurrentes,
1336 1103 1472 1139 inferne
1506 1117 1524 1140 e
1554 1106 1703 1147 duabus,

72 1172 224 1207 superne
253 1171 297 1195 ex
327 1161 432 1195 unica
460 1159 666 1195 cellularum
689 1160 782 1194 serie
806 1165 1036 1200 consti-uene,
1058 1172 1138 1206 quae
1166 1161 1305 1196 cellulae
1334 1167 1415 1197 sunt
1437 1175 1542 1209 quam
1571 1169 1702 1201 cetera:

71 1219 281 1266 plerumque
311 1219 512 1265 longiores3
543 1218 607 1254 sed
633 1218 677 1253 de
707 1223 826 1254 cetero
856 1223 1015 1264 utraeque
1044 1220 1118 1254 fere
1147 1220 1294 1255 similes.
1349 1220 1538 1263 Coccidia‚
1567 1235 1646 1269 quae
1666 1224 1701 1259 in

71 1278 329 1326 speciminibus
367 1278 572 1324 norvegicis
611 1278 871 1317 desiderantur,
913 1283 1010 1320 sunt,
1057 1284 1201 1314 auctore
1249 1278 1408 1321 Crouan,
1457 1282 1636 1327 sphaeriea
1668 1287 1703 1317 et

71 1349 197 1372 versus
233 1337 356 1384 apices
386 1337 595 1372 laciniarum
627 1337 706 1373 sita.
762 1336 968 1383 Specimina
991 1337 1141 1382 gallica,
1169 1349 1249 1383 quae
1278 1339 1433 1374 maxima
1461 1344 1558 1381 sunt,
1590 1351 1701 1386 usque

71 1399 93 1431 4
122 1409 176 1432 cm
205 1396 328 1442 longa.

549 1556 652 1596 PEY
662 1557 684 1597 S
695 1556 717 1597 S
730 1556 757 1596 Ο
768 1556 800 1596 N
813 1556 845 1596 N
856 1555 883 1595 E
893 1555 920 1595 L
933 1555 991 1596 IA
1019 1555 1211 1597 Decaisne.

74 1664 102 1697 1.
145 1661 529 1698 PEYSSONNELIA
559 1661 681 1708 Dubyi
717 1660 870 1697 Crouan.
901 1661 1041 1696 Ekman
1072 1661 1209 1708 Bidrag
1238 1675 1268 1709 p.
1300 1666 1331 1698 8.
1361 1662 1394 1697 J.
1424 1664 1493 1709 Ag.
1521 1666 1580 1709 Sp.
1612 1676 1641 1699 v.
1668 1666 1699 1699 2.

571 1732 602 1766 p.
633 1722 716 1754 5101.

221 1797 259 1832 In
290 1797 518 1844 profundiore
548 1797 719 1832 Babusiae
747 1797 836 1832 mari
865 1797 909 1832 ad
936 1797 1234 1841 Fiskebackskil,
1257 1797 1506 1834 Waderoarne
1522 1798 1699 1845 (Ekman)

69 1859 103 1888 et
132 1854 379 1898 Grebbestad,
410 1856 444 1891 in
473 1856 583 1891 fundo
613 1856 805 1902 scopuloso
831 1856 1011 1891 Florideis
1041 1856 1170 1897 divite,
1193 1857 1341 1892 conchis
1366 1857 1620 1904 lapidibusque
1638 1858 1698 1893 ad-

69 1918 167 1954 nata,
196 1914 403 1961 plerumque
433 1915 468 1950 in
497 1915 670 1950 societate
700 1914 862 1951 Cruoriae
887 1915 1022 1961 pellitae
1051 1919 1085 1950 et
1113 1915 1395 1951 Lithodermatis
1425 1917 1634 1952 fatiscentis.

222 1974 352 2009 Planta
392 1974 543 2021 primum
586 1973 814 2015 orbicularis,
860 1973 941 2008 dein
979 1974 1097 2019 figura
1132 1974 1407 2010 indeterminata
1446 1980 1480 2009 et
1515 1975 1698 2011 confluens

69 2043 147 2067 cum
178 2033 321 2073 vicinis,
355 2044 504 2076 carnea,
531 2033 670 2068 matrici
692 2033 895 2068 arctissime
917 2032 1069 2073 adnata,
1089 2033 1148 2067 vix
1174 2035 1263 2079 ¹s2¹¹¹¹¹¹
1284 2045 1411 2068 crassa
1430 2038 1465 2068 et
1484 2034 1518 2068 in
1535 2034 1697 2080 margine

69 2102 172 2137 quam
208 2091 242 2126 in
275 2096 397 2128 centro
427 2093 576 2134 tenuior,
607 2092 753 2127 madida
781 2092 989 2138 plerumque
1018 2092 1138 2132 laevis,
1178 2092 1315 2127 siccata
1341 2098 1458 2127 autem
1486 2093 1560 2128 fere
1580 2093 1697 2128 radia-

68 2149 147 2185 liter
186 2155 220 2185 et
260 2151 558 2187 flabelliformiter
600 2162 751 2197 rugosa,
793 2151 828 2186 in
870 2151 1006 2197 pagina
1041 2151 1209 2185 inferiore
1250 2150 1460 2196 glomerulis
1490 2151 1696 2187 cellularum

69 2213 345 2245 transmutarum
381 2210 692 2255 granulit'ormium
729 2209 916 2256 adspersa.
972 2209 1145 2244 Verrucze
1187 2210 1469 2256 tetrasporiferae
1498 2210 1532 2245 in
1560 2212 1697 2257 pagina

68 2268 252 2314 superiore
281 2269 484 2304 inordinate
513 2280 672 2315 sparsae,
699 2268 792 2303 nudo
823 2268 926 2303 oculo
956 2279 1081 2313 parum
1112 2268 1274 2303 visibiles
1303 2273 1338 2302 et
1366 2280 1464 2315 saepe
1493 2269 1695 2316 depressae,

68 2338 112 2361 ex
151 2328 443 2373 paranematibus
483 2327 763 2374 sporangiisque
791 2332 1071 2373 tetrasporarum
1101 2331 1319 2362 constantes.
1381 2327 1625 2364 Paranemata
1653 2342 1696 2365 ex

69 2385 228 2421 articulis
257 2389 355 2422 5—ss
386 2386 531 2422 seriatis
561 2390 783 2427 constructa,
832 2387 902 2419 100
932 2390 1045 2419 mcr¹¹¹'¹¹
1074 2385 1216 2419 circiter
1244 2385 1369 2431 longa,
1399 2398 1420 2421 a
1448 2387 1527 2422 basi
1556 2399 1695 2425 sursum

69 2445 296 2490 angustiora;
338 2445 478 2480 cellulae
518 2455 638 2479 earum
682 2445 776 2478 intus
810 2443 983 2490 hyalinae,
1022 2443 1056 2478 in
1096 2443 1174 2479 basi
1211 2445 1454 2489 paranematis
1494 2446 1695 2492 longiores,

69 2513 207 2538 sursum
237 2504 438 2543 breviores,
473 2503 642 2549 ellipticae
662 2502 681 2536 l.
705 2502 737 2537 in
767 2502 916 2536 formam
945 2502 1136 2547 globosam
1166 2502 1365 2538 tendentes.
1406 2503 1611 2551 Sporangia
1631 2508 1696 2543 ob-

67 2561 192 2607 longa,
221 2561 374 2608 denique
403 2562 579 2609 elliptiea,
610 2561 903 2607 paranematibus
931 2561 1099 2595 breviora
1118 2561 1139 2595 l.
1167 2560 1292 2596 eadem
1313 2563 1503 2608 aequantia.
1539 2564 1697 2612 Speran-

166 2628 240 2654 Nova
259 2629 326 2654 Acta
346 2629 410 2661 Reg.
430 2628 486 2654 Soc.
507 2628 547 2653 Sc.
570 2627 631 2660 Ups.
651 2628 704 2653 Ser.
727 2627 772 2652 ΙΙΙ.
1581 2632 1596 2657 2
