2080 3006
374 230 417 264 1ss
947 225 981 261 .J.
1010 226 1051 261 Ε.
1076 226 1322 267 Aunsonouu,

321 334 353 364 1.
407 328 763 365 SCY'POSIPHON
792 328 1027 363 lomentarius
1056 328 1201 375 Lyngb.

474 414 622 450 Chol-da
650 413 865 449 lomeutaria
894 412 1045 448 Areseh.
1076 413 1160 458 Alg.
1183 424 1233 449 se.
1257 424 1331 448 exs.
1362 426 1396 448 n.
1427 416 1482 449 94.
1502 413 1714 449 —Chorda
1743 414 1961 449 autumnalis

650 472 800 508 Aresell.
830 473 849 508 l.
880 484 908 507 e.
940 484 968 508 n<
1000 473 1047 506 95
1078 476 1133 506 est
1162 472 1277 507 forma
1305 472 1534 508 autumnalis.

477 551 543 585 Per
576 555 687 585 totam
723 548 980 585 Soandinaviae
1009 560 1107 583 oram
1138 548 1399 584 occidentalem
1429 561 1542 595 usque
1571 549 1606 584 in
1634 550 1783 585 Maasoe
1813 550 1845 584 in
1877 550 1961 585 Fin-

322 609 476 651 markia,
520 620 599 644 eum
634 609 668 643 in
709 608 939 643 interioribus
971 612 1044 642 tum
1080 607 1114 642 in
1151 608 1387 643 exterioribus
1422 608 1572 643 sinubus
1610 609 1736 650 maris,
1775 609 1961 644 mensibus

321 667 437 714 Aprili
466 672 501 702 et
529 667 626 713 Majo
655 667 970 712 frequentissimus
1000 671 1033 701 et
1063 666 1196 712 optime
1224 666 1464 708 fructificans,
1485 667 1562 712 jam
1592 678 1677 701 vero
1706 678 1830 702 mense
1850 666 1960 702 Junio

322 737 546 761 evanescens
576 730 610 760 et
639 725 778 771 reliqua
806 730 933 760 testate
962 727 1020 761 vix
1050 726 1118 761 nisi
1150 724 1343 770 sporadiee
1372 730 1406 759 et
1434 725 1570 770 passim
1601 725 1736 760 obvius.

476 784 723 820 Fructifieatio
759 796 780 819 a
814 783 891 819 Cel.
925 784 1065 819 Thin-et
1098 783 1312 831 (Recherch.
1349 795 1379 829 p.
1414 785 1457 818 10
1487 789 1509 818 t.
1543 785 1588 818 29
1618 785 1638 818 f.
1672 786 1782 829 1-—4)
1813 784 1960 832 eximio,

322 855 391 890 quo
420 844 527 886 solet,
558 842 663 878 modo
693 838 892 888 descripta‘
904 848 938 878 et
967 843 1124 889 depicta,
1153 847 1190 876 ut
1219 847 1381 876 naturam
1411 842 1758 889 zoosporangioruni
1790 843 1960 879 intactam

323 903 524 950 relinquere
546 902 737 949 possimus.
768 901 864 936 Inter
884 901 1153 948 zoosporangia
1172 900 1375 936 invenimus
1396 901 1608 948 interposita
1628 903 1859 948 corpuscula,
1881 913 1959 937 eum

322 961 394 996 illis
434 974 453 996 e
495 961 636 996 eellulis
677 960 949 1006 subjacentibus
991 962 1173 1002 exeuntia,
1217 970 1298 1006 quae
1339 965 1573 1006 paranemata
1616 961 1749 996 habere
1786 962 1959 1007 cogimur.

323 1020 411 1056 Sunt
439 1032 484 1055 ex
513 1021 616 1067 apiee
644 1019 834 1055 rotundato
864 1020 883 1054 l.
914 1019 1269 1056 rotundato-clavato
1290 1020 1325 1054 in
1347 1019 1450 1055 basin
1473 1020 1554 1066 plus
1574 1020 1737 1055 minusve
1758 1025 1958 1064 attenuata,

323 1091 414 1115 nune
442 1079 719 1115 endoehromate
747 1079 843 1114 fulvo
872 1079 966 1114 intus
996 1079 1122 1119 tincta,
1153 1091 1244 1114 nune
1264 1080 1338 1114 fere
1360 1079 1524 1126 hyalina.
1555 1079 1833 1126 zoosporangiis
1856 1080 1960 1115 modo

323 1138 546 1184 longitudine
588 1138 759 1184 aequalia,
804 1138 909 1173 modo
951 1139 994 1173 iis
1038 1150 1149 1185 usque
1194 1139 1302 1185 duplo
1345 1138 1510 1184 longiora
1546 1143 1580 1173 et
1617 1138 1724 1185 triplo
1767 1139 1959 1176 crassiora.

322 1197 523 1233 Mirandum
560 1202 679 1232 tamen
713 1202 784 1240 est,
820 1209 865 1233 ea
898 1202 969 1233 tam
1001 1210 1130 1245 sparsa
1159 1202 1258 1242 esse,
1288 1203 1324 1233 ut
1353 1209 1434 1233 raro
1462 1198 1709 1241 observentur,
1740 1208 1957 1245 quamquain

323 1257 552 1292 inveniuntur
580 1268 659 1291 euin
689 1256 723 1291 in
754 1257 893 1291 vernali
922 1261 995 1292 tum
1026 1257 1059 1291 in
1089 1257 1286 1293 autumnali
1317 1257 1452 1303 planta.
1506 1256 1545 1291 In
1573 1256 1686 1304 Phyc.
1717 1257 1843 1293 seand.
1874 1270 1960 1294 mar.

322 1328 354 1362 p.
384 1318 454 1351 144
483 1316 561 1351 liaee
596 1321 832 1362 paranemata
866 1317 1136 1363 zoosporangia
1165 1329 1186 1351 a
1214 1317 1317 1351 nobis
1346 1320 1429 1351 sunt
1458 1316 1596 1359 habita,
1627 1320 1663 1350 et
1692 1327 1778 1351 vera
1807 1328 1960 1363 zoospo-

322 1375 453 1421 raugia
480 1378 728 1421 paranemata.
784 1374 876 1409 Tab.
906 1375 940 1410 II
969 1375 1029 1421 fig.
1062 1379 1090 1412 1.

933 1553 1236 1594 PllYLLITlS
1278 1553 1350 1605 ΚΞ.

478 1655 610 1690 Planta
631 1657 997 1697 submembranaeea,
1021 1657 1193 1693 frondosa
1212 1658 1233 1693 l.
1257 1661 1411 1701 anguste
1433 1656 1854 1702 eompresso-filiformis‚
1875 1656 1958 1691 sim-

323 1714 414 1760 plex.
448 1714 571 1750 Strata
600 1713 685 1751 duo:
714 1716 872 1750 coi-cicala
901 1720 1022 1760 tenue,
1053 1728 1072 1751 e
1101 1716 1241 1752 cellulis
1272 1715 1444 1755 minimis,
1474 1714 1957 1761 subrotuuelato-angulatis3

324 1774 502 1808 internum
532 1784 551 1807 e
581 1774 779 1819 majoribus
800 1774 956 1821 llyalinis
978 1781 1229 1811 constructum.
1258 1774 1829 1820 Zoosporangiamultiloeularia
1844 1779 1958 1809 trans-

323 1831 536 1868 formatione
570 1833 672 1867 strati
707 1834 888 1868 eortiealis
926 1839 1065 1877 exorta,
1102 1834 1279 1870 divisione
1308 1832 1562 1879 longitudinali
1591 1833 1843 1880 multiplicata,
1874 1833 1958 1869 arti-

325 1892 462 1934 eulata7
504 1891 539 1925 in
575 1891 697 1937 planta
731 1893 920 1928 vertiealia
957 1899 991 1928 et
1025 1893 1242 1929 densissime
1279 1894 1313 1928 in
1352 1893 1513 1928 maculas
1550 1892 1774 1938 irregulares
1812 1893 1957 1940 stipata.

325 1951 567 1986 Paranemata
595 1950 703 1986 nulla.

329 2107 357 2138 1.
412 2102 685 2140 PHYLLITIS
714 2104 850 2140 Fascia
879 2105 989 2153 (Flor.
1020 2105 1142 2150 Dan).

479 2188 689 2224 Laminaria
716 2189 851 2225 Fascia
879 2190 949 2236 Ag.
979 2196 1014 2225 et
1041 2190 1073 2227 J.
1103 2192 1173 2237 Ag.

479 2247 555 2282 Ilea
584 2248 717 2283 Fascia
752 2249 809 2283 Fr.
840 2249 935 2284 Flor.
966 2261 1063 2285 sean.
1094 2250 1245 2285 Areseli.
1278 2250 1386 2296 Phys.
1418 2247 1539 2283 seand.
1570 2259 1654 2283 mar.
1686 2248 1770 2293 Alg.
1800 2261 1839 2283 se
1879 2260 1955 2284 exs.

782 2320 815 2343 n.
848 2310 905 2343 913.

478 2384 517 2418 ln
552 2384 634 2429 Alg.
671 2396 719 2419 se.
757 2397 831 2420 exs.
867 2397 898 2419 11.
936 2388 981 2419 9ιὶ
1018 2390 1091 2420 tres
1126 2383 1371 2419 distribuimus
1408 2384 1561 2424 formas,
1597 2394 1744 2429 quarum
1781 2383 1895 2429 prima
1923 2388 1958 2419 et

325 2442 498 2484 secunda,
543 2448 691 2489 utraque
721 2443 919 2489 angustior,
965 2444 1010 2478 ad
1044 2448 1168 2478 nostra
1195 2443 1315 2477 littora
1344 2442 1515 2487 vulgares
1544 2447 1626 2477 sunt
1652 2442 1816 2487 beneque
1845 2447 1956 2488 notae3

324 2501 430 2536 tertia
458 2512 543 2536 vero
571 2502 700 2542 forma,
730 2514 810 2548 quse
837 2503 1016 2538 latissima
1034 2507 1105 2544 est,
1136 2501 1183 2537 ad
1207 2501 1451 2536 Laminariam
1481 2501 1649 2536 Fasciani
1680 2501 1792 2536 Harv.
1821 2506 1855 2536 et
1882 2502 1955 2537 An-

325 2559 465 2605 glorum
495 2564 591 2594 certe
620 2561 783 2607 pertinet.
826 2561 865 2596 In
887 2561 953 2596 hac
973 2560 1283 2596 fructificationem
1306 2560 1469 2595 vidimus.
1503 2560 1838 2595 Transformatione
1854 2561 1957 2596 strati
