2080 3006
575 215 891 251 OBSERVArmes
920 216 1210 251 Pmrooiocucaz.
1637 220 1658 252 5

235 317 368 351 Forma
386 316 598 352 Melobesiae
616 317 803 359 calcareae,
825 328 930 362 quam
951 317 1111 364 depinxit
1131 322 1165 352 et
1182 317 1374 363 descripsit
1389 317 1709 364 lla1·vey(l)liycol.

84 376 169 411 Brit.
210 376 280 410 tab.
323 374 506 420 OCXCI),
550 380 604 410 est
641 376 764 411 forsan
811 375 967 411 maxima
1003 381 1036 410 ct
1078 388 1298 422 magnopere
1345 377 1502 417 evoluta,
1538 390 1559 412 a
1588 383 1710 413 nostra

86 434 190 469 valde
223 434 430 469 abhorrens.
472 434 512 469 In
540 434 649 469 fundo
678 434 791 468 libere
814 435 944 479 jacens
965 440 1077 469 strata
1100 435 1538 481 superimpositaformat.
1562 448 1707 482 quorum

85 492 253 527 inferiora
281 497 443 527 emortua
470 499 568 531 sunt,
606 492 793 538 superiora
823 492 988 528 viventia,
1044 493 1176 529 Planta
1202 494 1364 529 solitaria
1393 494 1565 530 diametro
1596 498 1708 530 3-—4-

86 551 267 598 pollicaris
295 551 479 586 fruticulus
513 557 568 586 est
596 551 822 594 rotundatus‚
857 550 966 585 ramis
996 562 1014 585 e
1044 559 1166 587 centro
1196 553 1395 588 incrassato
1424 566 1708 600 ‹pioquox'ersuni

85 609 367 655 egredientibus,
405 609 651 656 irregulariter
679 609 870 645 ramulosis
900 609 919 645 l.
950 609 1076 645 divisis
1105 617 1139 646 et
1167 623 1244 646 cum
1276 612 1385 647 ramis
1413 614 1550 659 apicem
1583 625 1709 648 versus

85 668 288 703 attenuatis.
344 668 473 703 Melius
501 680 579 704 cum
610 673 732 703 nostra
756 669 871 703 forma
899 668 1114 704 conveniunt
1143 670 1247 715 liujus
1281 671 1413 717 plantae
1449 672 1592 717 ligni-ze,
1618 684 1707 717 quas

85 726 182 761 dedit
206 725 383 761 ‚Johuston
413 727 562 772 (British
592 727 761 773 Sponges
790 732 824 761 et
852 726 1093 774 Litliopliytes
1114 734 1136 763 t.
1158 729 1317 774 XXIV),
1347 742 1559 776 quamquam
1591 731 1624 765 in
1655 731 1709 765 liis

86 784 173 820 rami
202 784 306 819 nimis
337 790 418 820 sunt
446 791 760 821 anastomosantes
789 790 824 820 et
851 785 885 819 in
915 786 1078 832 apicibus
1107 788 1309 822 incrassati.

235 843 369 878 Forma
398 846 598 891 ¹noo-c'e'qz'ea:
626 845 812 880 fruticulus
842 846 939 879 2—:15
970 857 1033 881 cm.
1063 846 1204 892 longus.
1241 847 1344 882 Rami
1373 849 1579 894 plerumque
1600 848 1708 893 {equi-

85 903 214 942 crassi‚
255 903 287 937 in
318 903 457 949 apicem
478 916 601 949 parum
630 904 804 938 attenuati
833 909 867 938 et
895 903 1070 939 diametro
1099 904 1168 940 duo
1198 917 1265 939 mm
1296 906 1354 939 vix
1381 914 1609 952 superantes,
1640 907 1707 941 nisi

84 961 116 996 in
158 961 254 1000 basi,
295 972 363 1006 quo
400 961 523 1008 planta
557 973 809 1007 nonnunquam
838 962 1049 997 incrassata.
1106 964 1237 999 Forma
1272 970 1367 999 certe
1401 971 1468 1006 cst,
1506 971 1543 1000 ut
1571 965 1708 1001 dicitnr.

84 1020 223 1062 localis,
254 1031 358 1065 quam
392 1020 594 1055 distinctam
625 1020 783 1066 speciem
813 1020 947 1055 babere
976 1033 1045 1057 non
1076 1034 1277 1068 possumus.

84 1191 114 1223 2.
168 1188 601 1225 LITHOTHAMNION
632 1189 880 1224 fasciculatum
911 1190 1103 1225 Lamarck.
1133 1190 1282 1225 Arescli.
1312 1191 1332 1225 l.
1363 1204 1390 1226 c.
1420 1204 1452 1238 p.
1479 1194 1563 1226 2322.

235 1282 274 1317 Iu
318 1282 427 1317 fundo
464 1283 732 1317 extrataeniensi
767 1283 937 1330 lapilloso
972 1284 993 1318 l.
1023 1296 1195 1323 arenoso,
1224 1297 1245 1319 a
1273 1285 1477 1320 Marstrand
1508 1298 1570 1331 per
1599 1292 1706 1321 totam

83 1340 278 1386 Norvegiae
307 1353 404 1375 oram
435 1341 704 1376 meridionalem
735 1346 841 1388 atque
871 1342 1150 1383 occidentalem,
1180 1355 1232 1378 ex⁴
1269 1357 1320 1389 gr.
1350 1345 1394 1379 ad
1430 1343 1707 1379 Christiansund

82 1400 160 1446 (cel.
190 1400 286 1435 Prof.
317 1400 490 1445 Ekman),
520 1412 631 1446 usque
666 1401 700 1435 in
736 1401 983 1447 Spetsbergen
1015 1403 1093 1449 (cel.
1123 1402 1205 1448 Adj.
1233 1402 1294 1437 Dr.
1325 1402 1391 1438 Th.
1418 1403 1537 1445 Fries)
1567 1404 1709 1438 minime.

82 1470 163 1493 rara
191 1459 343 1505 species.

234 1517 391 1553 Primum
420 1518 577 1553 exoritur
606 1519 682 1554 lucc
710 1519 833 1565 planta
862 1519 896 1554 in
926 1520 1107 1566 lapidibus
1136 1520 1341 1566 lapillisque
1372 1526 1407 1555 ut
1434 1526 1550 1555 crusta
1574 1520 1706 1561 tenuis7

83 1582 179 1612 arcte
220 1576 355 1612 adnata
384 1582 418 1612 et
446 1589 544 1623 seepe
575 1590 794 1624 magnopere
824 1578 987 1619 dilatata,
1018 1585 1054 1613 ut
1082 1579 1283 1614 Melobesia
1312 1579 1554 1614 Leimrmandi
1584 1579 1628 1613 ab
1658 1579 1709 1613 in-

82 1641 186 1671 cauto
218 1636 324 1671 facile
361 1636 485 1671 haberi
519 1636 643 1682 possit.
699 1636 841 1672 Deinde
875 1637 943 1673 liae
979 1638 1012 1672 in
1041 1643 1160 1673 crusta
1189 1638 1345 1673 existunt
1373 1639 1503 1685 ubique
1532 1650 1708 1678 verruczc,

79 1706 159 1740 quae
186 1695 320 1731 sensim
350 1696 385 1730 in
413 1707 532 1730 ramos
552 1707 634 1730 mox
654 1695 855 1742 simplices,
873 1702 999 1743 postea
1021 1709 1202 1741 ramosos,
1228 1704 1448 1734 excrescunt.
1480 1698 1583 1733 ltami
1604 1698 1708 1744 primi

82 1753 301 1800 secundique
337 1754 472 1789 ordinis
501 1754 582 1801 plus
611 1754 727 1790 minus
757 1755 868 1791 dense
898 1756 1031 1802 stipati.
1087 1755 1125 1791 si
1154 1757 1188 1790 in
1217 1756 1340 1803 lapillo
1371 1757 1547 1792 evolvitur
1570 1757 1706 1803 planta,

82 1812 141 1847 ille
170 1813 215 1848 ab
236 1825 280 1848 ea
307 1813 463 1859 undique
492 1813 682 1859 obtegitur,
712 1814 862 1860 ipsaque
882 1815 922 1848 fit
942 1815 1097 1860 globosa
1116 1815 1137 1849 1.
1159 1816 1510 1861 globoso-elongata.
1532 1829 1707 1852 ramorum

81 1872 367 1918 ramulorumque
402 1872 526 1919 apices
560 1872 595 1906 in
632 1872 799 1908 interiore
829 1874 907 1919 ejus
942 1879 1059 1919 parte,
1102 1874 1210 1909 fundo
1247 1875 1433 1921 imposita7
1472 1876 1637 1919 truncati,
1674 1876 1707 1910 in

81 1931 264 1977 superiore
293 1943 378 1966 vero
408 1932 513 1966 acuti.
567 1931 657 1967 Cum
687 1943 772 1967 vero
809 1932 843 1966 in
881 1933 1016 1979 majore
1045 1933 1185 1979 lapide,
1214 1945 1315 1979 quem
1347 1939 1455 1969 totum
1486 1934 1706 1969 eircunulare

81 2000 149 2024 non
179 1990 310 2036 possit,
341 1991 526 2031 evolvitur,
553 1991 740 2026 frutieulus
768 1990 826 2029 fit.
867 1992 976 2027 ramis
997 1991 1215 2037 ramulisque
1237 1993 1416 2038 separatis
1437 2005 1502 2028 nec
1527 1993 1577 2027 ita
1597 1993 1707 2028 dense

81 2048 235 2094 stipatis.
290 2049 361 2085 Sed
391 2050 515 2085 bacin
547 2061 584 2084 re
614 2049 712 2084 nulla
740 2051 953 2085 constantia.

82 2207 113 2239 3.
168 2206 600 2243 LITHOTHAMNION
642 2207 915 2254 polymorplium
957 2208 1042 2252 (L.).
1098 2207 1247 2241 Areseli.
1291 2207 1311 2241 l.
1346 2220 1372 2241 e„
1409 2219 1442 2253 p.
1479 2210 1562 2242 5124.
1624 2209 1707 2253 Alg.

636 2266 759 2300 scand.
789 2278 863 2301 exs.
894 2279 925 2300 n.
956 2268 1038 2300 302.

231 2358 302 2393 Per
344 2364 452 2393 totam
494 2371 591 2394 oram
634 2359 804 2394 Bahusiae
845 2364 880 2394 et
920 2359 1214 2404 N01·vegize,ex.
1251 2371 1304 2404 gr.
1342 2359 1386 2394 ad
1426 2359 1705 2395 Ulnistiansund

81 2417 162 2461 (cel.
191 2417 286 2453 Prof.
316 2417 491 2462 Ekman)‚
528 2429 639 2463 usque
676 2418 710 2452 in
740 2417 997 2463 Spetsbergcn,
1035 2429 1077 2452 ex
1105 2430 1173 2464 quo
1202 2419 1299 2461 loeo,
1330 2418 1397 2452 nisi
1424 2418 1587 2459 fallimun
1619 2419 1705 2454 vidi-

80 2486 156 2510 mus
184 2481 367 2522 reportata
400 2476 614 2522 specimina,
651 2487 743 2511 nunc
777 2476 812 2510 in
849 2476 972 2518 fundo,
1009 2488 1100 2511 nunc
1138 2488 1261 2523 parum
1297 2476 1389 2511 infra
1424 2476 1571 2512 limitem
1603 2490 1705 2524 aquae

79 2533 236 2574 marinae,
264 2533 444 2581 lapidibus
473 2534 643 2579 saxisque
671 2534 851 2569 adflatum.
