2080 3006
415 242 461 276 2ss
989 239 1023 275 J.
1050 239 1092 275 E.
1122 239 1369 283 Anescnoue,

666 390 1087 432 DIOTYOSIPHON
1123 390 1233 430 GrcV·
1262 391 1417 432 Arcscll.
1446 391 1468 431 l.
1498 406 1526 430 c.
1556 404 1587 444 p.
1615 392 1697 432 132.

519 512 651 547 Planta
670 512 870 558 capillaris,
906 513 1098 555 filiformis,
1130 522 1290 551 ramosa,
1319 511 1456 547 inferne
1476 511 1641 547 fistulosa
1660 512 1682 547 l.
1706 524 1816 555 cava,
1840 524 1994 559 superne

366 572 447 619 plns
475 571 592 606 minus
609 570 735 607 solida.
766 572 888 609 Strata
904 572 989 608 duo:
1013 572 1170 607 corticale
1185 582 1204 606 e
1221 569 1359 605 cellulis
1380 569 1593 614 minoribus,
1616 571 1651 606 in
1669 571 1863 617 superficie
1878 576 1997 608 rotun-

367 631 465 666 dato·
494 630 515 666 l.
545 629 942 677 angulato-quadratis3
971 632 1153 666 internum
1182 641 1201 664 e
1231 629 1442 673 majoribus,
1474 629 1784 674 longitudinaliter
1815 630 1996 676 elongatis

367 693 619 725 constructum.
674 689 779 725 Rami
822 690 1020 735 ramulique
1063 700 1176 734 usque
1208 687 1243 722 in
1272 687 1411 734 apicem
1441 692 1636 723 extremum
1666 689 1846 732 corticati,
1876 690 1996 725 inarti—

368 748 486 784 culati.
541 746 737 793 Vegetatio
764 749 982 789 terminalis,
1009 748 1217 783 cellularum
1262 746 1484 781 corticaliun]
1522 753 1556 780 et
1586 746 1790 782 interiorum
1820 748 1997 785 divisione

368 808 505 842 effecta.
550 806 827 853 Zoosporangia
853 807 1090 843 unilocularia
1111 817 1254 852 sparsa,
1286 804 1470 848 immersa,
1497 804 1765 841 horizontaliter
1790 807 1949 854 elliptica
1975 809 1996 845 l.

368 870 487 909 ovata,
518 870 619 900 extra
647 866 682 900 in
711 866 903 912 superficie
926 866 1060 913 plantae
1088 865 1242 910 denique
1274 863 1462 906 denudata,
1493 864 1711 900 orbicularia
1739 865 1759 900 l.
1791 866 1948 913 elliptica
1964 872 1998 903 et

368 937 432 972 per
461 936 584 972 porum
614 924 924 972 phaeozoosporas
953 924 1160 960 emittentia.

516 983 573 1019 Ab
601 984 719 1031 priore
748 995 883 1029 genere
912 983 978 1019 lioc
1007 993 1228 1029 magnopere
1257 981 1390 1016 diflert:
1419 992 1597 1016 ramorum
1627 982 1790 1029 apicibus
1819 995 1997 1030 nunquam

367 1042 582 1083 articulatis,
627 1042 906 1089 zoosporangiis
948 1043 1103 1089 sparsis,
1152 1052 1330 1087 nunquam
1360 1040 1394 1075 in
1425 1039 1585 1075 maculas
1620 1052 1683 1076 seu
1712 1053 1815 1077 soros
1844 1042 1996 1078 indeter-

366 1102 512 1137 minatae
540 1101 762 1137 extensionis
791 1101 902 1136 dense
930 1101 1207 1148 approximatis,
1238 1100 1431 1141 immersis,
1462 1110 1527 1134 nee
1554 1099 1690 1134 directa
1718 1101 1996 1148 metamorphosi

366 1161 575 1196 cellularum
617 1160 718 1195 strati
760 1159 942 1195 corticalis
978 1160 1192 1195 exteriarum
1222 1159 1365 1194 exortis.
1421 1158 1493 1194 Sed
1522 1158 1589 1192 hoe
1618 1158 1652 1193 in
1682 1170 1817 1204 genere
1845 1170 1997 1206 zoospo-

367 1220 497 1266 raugia
524 1219 759 1255 unilocularia
793 1220 989 1254 formantur
1017 1231 1061 1254 ex
1090 1218 1230 1253 cellulis
1259 1217 1471 1263 quibusdam
1501 1217 1744 1258 interioribus,
1774 1218 1940 1264 quoniam
1961 1219 1995 1254 in

370 1278 551 1315 nonnullis
581 1278 772 1325 speciebus
801 1289 854 1313 cx.
876 1289 929 1323 gr.
951 1277 1178 1325 Dictyosiph.
1201 1276 1413 1323 hippuroide
1442 1280 1477 1311 et
1506 1275 1731 1323 Dictyosipli.
1752 1277 1998 1313 foeniculaeeo

367 1342 416 1384 (et
444 1338 568 1373 forsan
594 1337 630 1372 in
657 1337 836 1382 omnibns)
866 1336 966 1371 initio
993 1348 1013 1371 a
1041 1340 1152 1372 strato
1182 1335 1342 1370 corticali
1371 1339 1465 1370 tecta
1494 1327 1588 1378 sunt,
1607 1346 1822 1381 quamquam
1843 1336 1997 1383 denique

368 1397 593 1433 denudantur
627 1396 661 1431 in
696 1396 830 1442 plantae
868 1395 1069 1442 superficie.
1125 1394 1299 1429 Immersa
1328 1399 1410 1429 sunt
1441 1404 1603 1440 semper3
1632 1394 1667 1428 in
1695 1394 1855 1430 sectione
1883 1399 1997 1431 trans-

366 1456 499 1491 versali
539 1454 811 1490 horizontaliter
852 1454 1028 1500 elliptica,
1071 1464 1164 1488 nunc
1208 1456 1356 1488 stratum
1392 1453 1568 1488 internum
1605 1452 1789 1497 intrantia,
1834 1465 1926 1490 nunc
1962 1455 1997 1490 in

364 1520 477 1550 strato
519 1513 682 1550 corticali
725 1513 892 1548 densiore
921 1513 1055 1553 locata,
1096 1517 1133 1546 ut
1175 1512 1297 1547 forsan
1334 1512 1540 1547 normaliter
1568 1512 1604 1546 in
1633 1513 1841 1558 subgenere
1872 1513 1994 1550 Coilo-

366 1578 516 1609 nemate.
572 1572 876 1619 Phaeozoosporae
906 1583 974 1607 non
1004 1571 1038 1606 in
1068 1570 1233 1606 omnibus
1260 1571 1359 1606 visae.

498 1677 522 1705 1.
564 1673 702 1714 Subgen.
741 1674 980 1714 Dietyosz'plmn:
1016 1671 1150 1712 Species
1181 1672 1334 1713 majores,
1364 1672 1580 1712 longissimae,
1617 1672 1909 1710 tenui-filisornies,
1935 1682 1996 1704 non

566 1725 773 1765 gelatinosze,
800 1725 878 1755 rami
904 1723 1081 1763 ramulique
1107 1723 1176 1754 basi
1201 1733 1262 1754 non
1288 1724 1460 1763 attenuati,
1491 1723 1613 1754 cellulae
1638 1723 1730 1754 strati
1755 1724 1916 1755 corticalis
1942 1725 1996 1755 mi-

566 1786 675 1815 nores,
705 1776 944 1816 zoosporangia
974 1774 1182 1806 uniloeularia
1207 1775 1238 1805 in
1263 1775 1432 1815 superficie
1458 1776 1576 1815 planta}
1601 1774 1760 1815 spinei-ica
1786 1776 1803 1806 l.
1826 1775 1995 1815 longitudi-

566 1827 681 1858 naliter
706 1826 861 1867 elliptica,
885 1826 1055 1862 distantia,
1081 1836 1205 1867 sparsa.

370 1974 397 2006 1.
453 1970 838 2006 DIOTYOSIPHON
868 1969 1099 2017 liippuroides
1129 1970 1303 2016 (Lyngb.)

518 2071 650 2106 Planta
691 2082 803 2116 usque
844 2071 964 2117 pedali
1006 2071 1233 2105 fusceseente
1276 2069 1392 2105 solida
1429 2070 1447 2105 l.
1485 2070 1622 2106 inferne
1651 2072 1899 2114 snbfistulosa,
1927 2071 1996 2106 filis

365 2130 545 2176 primariis
573 2130 654 2176 plus
684 2130 798 2165 minus
828 2130 939 2166 dense
972 2129 1141 2173 ramosis,
1172 2129 1283 2164 ramis
1312 2129 1597 2175 subaequilongis
1626 2130 1784 2165 ramulos
1813 2130 1916 2177 primi
1941 2141 1996 2165 se-

365 2189 543 2235 cundique
570 2188 705 2224 ordinis
734 2201 883 2235 sparsos
905 2188 1150 2235 portantibus,
1185 2188 1324 2223 cellulis
1344 2187 1447 2223 strati
1476 2188 1655 2223 cortiealis
1686 2189 1764 2223 basi
1794 2188 1996 2224 horizonta-

365 2248 445 2283 liter
484 2247 628 2283 seriatis
658 2247 935 2283 endochromate
964 2247 1122 2293 largiore
1150 2247 1250 2282 fusco
1280 2246 1426 2293 repletis
1455 2258 1609 2293 superne
1638 2247 1827 2289 solitariis,
1859 2245 1997 2282 cellulis

364 2306 468 2341 strati
496 2306 625 2341 interni
662 2306 772 2341 validi
801 2307 1034 2353 amplioribus
1062 2310 1097 2341 et
1122 2317 1141 2341 e
1166 2306 1371 2340 membrana
1404 2306 1583 2341 crassiore
1613 2306 1845 2349 constructis,
1876 2306 1996 2352 phaeo-

364 2376 624 2412 zoosporarnm
654 2364 736 2400 cilio
763 2365 904 2411 postico
933 2365 1105 2400 invisibili
1135 2369 1169 2400 et
1197 2364 1350 2410 granulo
1380 2364 1520 2400 laterali
1549 2365 1583 2400 in
1612 2365 1751 2401 mediis.

518 2450 757 2497 Scytosiphon
787 2450 1020 2497 hippuroides
1048 2451 1190 2497 Lyngb.
1220 2450 1334 2497 Hydr.
1362 2462 1394 2497 p
1427 2452 1471 2486 63
1499 2451 1568 2486 tab.
1600 2454 1644 2486 14
1663 2451 1701 2486 B.
1720 2451 1794 2497 (fig.
1811 2450 1993 2497 pessima)

620 2531 658 2536 -
794 2512 1017 2545 tomentosus
1050 2509 1125 2556 (Fl.
1154 2509 1275 2554 Dan).
1305 2509 1447 2556 Lyngb.
1478 2509 1498 2543 l.
1528 2521 1556 2544 c.
1586 2522 1619 2556 p,
1646 2512 1701 2546 02.

624 2590 673 2595 --
800 2568 1013 2604 ramellosus
1040 2567 1074 2603 J.
1103 2568 1172 2613 Ag.
1203 2567 1292 2603 Nov.
1323 2579 1376 2602 ex.
1407 2568 1478 2613 alg.
1506 2569 1590 2603 fam.
1619 2580 1651 2614 p.
1685 2571 1738 2603 16.
