2080 3006
397 247 443 281 20
968 246 1002 281 J.
1035 248 1075 282 Ε.
1107 248 1365 291 ΑκΕεοΗουρ,

883 406 1322 449 GLADOSTEPHUS
1359 408 1431 461 Ag.

348 517 376 550 1.
432 514 843 555 CLADOSTEPHUS
874 520 1109 556 verticillatus
1132 521 1309 569 (Lightfi).

496 601 766 649 Cladostephus
800 605 1023 651 spongiosus
1057 604 1085 646 β
1120 606 1225 641 laxus
1254 607 1405 642 Aresch.
1434 607 1546 654 Phyc.
1575 608 1700 643 scandi
1730 620 1817 644 mar.
1842 621 1872 656 p.
1906 611 1986 644 162.

499 677 667 713 Nostram
697 680 845 715 formam
875 680 903 721 β
940 682 960 716 l.
990 694 1017 718 c.
1045 682 1090 717 ad
1121 693 1241 717 verum
1271 681 1434 718 Cladost.
1457 682 1727 723 verticillatum,
1757 695 1823 719 nec
1853 684 1899 719 ad
1927 684 1986 720 Cl.

345 735 597 780 spongiosum,
627 738 807 784 pertinere
850 751 914 775 nos
957 740 1101 776 edocuit
1132 745 1262 776 exacta
1291 742 1370 786 ejus
1399 752 1477 775 cum
1507 740 1560 777 Ol.
1592 742 1808 777 verticillato
1837 754 1983 789 compa-

345 793 446 828 ratio.
504 794 645 831 Crescit
679 798 713 832 in
749 798 910 834 Baliusia
932 800 966 834 in
989 799 1117 840 fundo,
1146 810 1341 845 nunquam,
1372 804 1408 834 ut
1441 798 1710 847 Cladostephus
1747 801 1985 848 spongiosus,

344 853 378 887 in
406 855 620 890 scrobiculis
649 856 882 897 littoralibus,
913 859 1199 906 ‹5—10-01-gyali
1222 858 1500 898 intrataenicnsi,
1529 858 1621 893 inter
1654 859 1822 906 Pbyceas
1851 866 1886 895 et
1914 861 1985 896 Zo-

345 916 479 947 steram
517 914 618 949 saxis
654 915 905 962 lapidibusque
941 917 1106 952 adnatus.
1175 917 1409 964 Synonymon
1453 917 1648 964 Lyngbyei
1691 918 1712 952 l.
1752 930 1780 953 c.
1821 918 1988 954 adhunc

346 975 442 1006 certe
469 974 641 1018 pertinet,
671 986 887 1021 quamquam
917 976 1117 1022 specimina
1146 988 1215 1011 non
1246 975 1413 1011 vidimus.

912 1176 1301 1217 OHAETOPTERIS
1336 1177 1410 1229 Kg.

354 1303 382 1334 1.
439 1299 820 1335 CHAETOPTERIS
851 1299 1018 1345 plumosa
1045 1299 1189 1346 Lyngb.

500 1385 582 1420 Hac
616 1385 652 1420 in
694 1386 834 1431 specio,
876 1385 922 1420 ad
957 1397 1040 1420 oras
1070 1390 1212 1421 nostras
1248 1386 1391 1420 minime
1420 1396 1520 1425 rara,
1549 1384 1666 1419 omnis
1695 1384 1983 1420 fructificationis

347 1445 540 1490 vestigium
579 1444 639 1479 diu
669 1444 780 1479 latuit.
838 1443 910 1480 Sed
949 1443 1080 1478 abhinc
1122 1455 1236 1479 annos
1279 1447 1447 1489 quattuor
1481 1455 1584 1478 soror
1612 1447 1736 1478 nostra
1764 1443 1923 1478 Domina
1950 1444 1986 1479 S.

346 1492 556 1539 sdkermark
585 1514 664 1537 eam
692 1503 827 1537 invenit
855 1507 890 1537 et
917 1503 1122 1548 benigniter
1150 1502 1254 1537 nobis
1284 1502 1379 1537 misit
1406 1502 1606 1549 specimina
1635 1503 1783 1549 plantae,
1808 1506 1845 1537 ut
1866 1502 1985 1538 fructi-

346 1562 550 1597 ficationem
581 1561 879 1597 describeremus.

507 1628 770 1676 Zoosporangyia
813 1629 1094 1664 multilocularz'a.
1150 1627 1317 1663 Autumni
1344 1633 1521 1674 tempore,
1565 1628 1748 1663 mensibus
1776 1628 1925 1665 Octobri
1952 1632 1987 1663 et

347 1688 563 1725 Novembri.
600 1688 720 1734 pinnae
759 1688 962 1722 articulatae
995 1699 1061 1733 pro
1089 1686 1245 1721 maxima
1285 1687 1412 1722 saltem
1443 1692 1545 1734 parte
1574 1687 1801 1733 abjiciuntur,
1832 1692 1868 1722 ut
1896 1687 1986 1722 rami

347 1747 566 1782 inarticulati
596 1747 667 1781 sint
695 1747 769 1781 fere
799 1746 895 1781 nudi.
956 1745 1039 1781 Jam
1068 1757 1153 1780 vero
1183 1756 1306 1780 mense
1333 1745 1529 1781 Decembri
1558 1746 1614 1781 his
1643 1746 1677 1780 in
1699 1746 1810 1781 ramis
1832 1746 1984 1781 disticlie

348 1810 561 1840 excrescunt
581 1809 741 1839 ramenta
770 1817 961 1841 numerosa
990 1810 1023 1840 et
1052 1805 1178 1840 crebre
1207 1805 1468 1850 approximata‚
1497 1816 1577 1850 quae
1606 1805 1791 1840 mensibus
1819 1804 1985 1839 Januarii

349 1870 383 1899 et
419 1864 608 1899 Februarii
638 1865 821 1909 sequentis
863 1865 945 1899 anni
984 1863 1181 1910 perfectius
1217 1862 1437 1899 evolvuntur,
1492 1863 1584 1899 Haec
1612 1868 1776 1898 ramenta
1805 1863 1985 1910 simplicia

349 1928 444 1963 sunt,
472 1923 676 1962 articulata,
705 1923 866 1958 articulis
895 1923 1070 1958 diametro
1099 1933 1224 1968 parum
1252 1922 1273 1956 l.
1295 1922 1667 1967 sesquilongioribus,
1695 1922 1833 1957 inferne
1861 1921 1984 1968 pauci-

352 1983 536 2028 siplionia,
578 1992 733 2027 superne
762 1982 1052 2028 monosiphonia„
1090 1993 1112 2016 a
1139 1985 1241 2027 parte
1272 1980 1390 2016 media
1418 1993 1487 2015 non
1518 1992 1599 2015 raro
1629 1981 1796 2026 utrinque
1824 1980 1982 2015 subatte—

349 2047 472 2081 nuata,
502 2042 605 2087 apice
641 2052 726 2076 vero
761 2042 905 2083 obtusa,
942 2051 1055 2086 usque
1090 2042 1137 2074 25
1174 2043 1289 2073 mcr¹¹¹¹¹¹
1317 2051 1459 2083 crassa,
1491 2039 1618 2074 leviter
1652 2051 1793 2074 sursum
1822 2043 1984 2079 curvata,

349 2112 456 2135 secus
485 2100 684 2145 marginem
715 2100 936 2146 superiorem
972 2098 1250 2145 zoosporangiis
1279 2098 1603 2133 multiloeularibus
1632 2103 1768 2133 ornata.
1823 2097 1983 2143 Zoospo-

349 2160 478 2204 raugia
506 2159 662 2193 breviter
690 2158 922 2204 pedicellata,
953 2157 1130 2204 pedicello
1161 2168 1205 2191 ex
1234 2158 1338 2192 unico
1366 2157 1386 2191 l.
1419 2156 1557 2191 duobus
1579 2157 1741 2192 articulis
1763 2160 1982 2200 constructo,

349 2217 594 2263 subelliptica,
623 2217 909 2252 extremitatibus
938 2218 1013 2251 fere
1041 2215 1425 2251 truncato-rotundatis
1455 2220 1490 2249 et
1518 2215 1693 2250 lateribus
1709 2215 1981 2261 subparallelis,

348 2287 463 2322 usque
492 2277 538 2309 50
569 2280 682 2310 mcr¹¹¹¹¹'
699 2276 809 2321 longa
831 2280 865 2310 et
886 2275 1169 2317 40n1cr·¹¹⁰¹lata;
1205 2274 1505 2320 phaeozoosporae
1534 2274 1568 2308 in
1598 2273 1743 2314 loculis,
1772 2278 1808 2308 ut
1834 2273 1983 2314 videtur,

350 2334 533 2370 solitariae.
589 2334 682 2369 Tab.
712 2334 746 2369 II
777 2334 837 2379 fig.
864 2337 886 2368 4

504 2402 769 2448 Zoosporcmyz'a
798 2402 1049 2437 unilocularia:
1077 2401 1116 2436 In
1149 2400 1340 2442 nonnullis,
1369 2411 1491 2434 mense
1521 2399 1717 2434 Decembri
1742 2399 1846 2434 lectis
1866 2399 1983 2445 speci-

350 2461 515 2503 minibus,
545 2461 676 2495 adsunt
704 2461 864 2506 ejusdem
896 2461 1042 2505 generis
1071 2463 1262 2505 segmenta
1291 2458 1498 2498 articulata,
1526 2458 1687 2493 articulis
1708 2457 1882 2492 diametro
1903 2457 1982 2492 bre-

349 2520 507 2554 vioribus
547 2520 569 2557 l.
610 2519 703 2553 idem
747 2519 971 2565 longitudine
1011 2519 1254 2564 aequantibus,
1284 2517 1531 2563 superioribus
1559 2528 1809 2562 nonnunquam
1837 2515 1980 2551 inflatis.

349 2578 388 2612 In
419 2578 640 2623 singulorum
671 2583 909 2613 ramentorum
939 2578 1103 2624 apicibus
1132 2577 1262 2612 adsunt
1283 2575 1438 2621 singulae
1455 2575 1596 2610 cellulae
1612 2575 1784 2621 majores,
1807 2574 1981 2621 clliptico-
