2080 3006
395 244 415 276 [ὑ

423 245 442 277 [ὑ

973 239 1005 276 J.
1035 241 1074 277 Ε.
1104 240 1354 285 Ausssouore,

897 384 924 424 G
936 385 949 424 Ι
961 384 992 424 R
1002 383 1033 424 A
1045 384 1075 424 U
1084 385 1112 424 D
1123 385 1137 424 Ι
1147 384 1180 425 Α
1216 384 1325 425 Derb.
1356 384 1428 425 Sol.

500 508 630 542 Planta
665 508 869 554 caespitosa.
926 507 1082 543 Stratum
1120 507 1246 542 basale
1282 518 1325 542 ex
1354 508 1423 543 filis
1453 507 1735 554 monosiplioniis
1765 507 1978 548 articulatis,

345 566 514 609 ramosis,
542 566 761 601 verticaliter
781 566 1038 612 conglutinatis
1058 567 1270 601 confectum.
1305 566 1387 601 Fila
1405 566 1524 613 (rami)
1541 566 1632 601 inter
1652 578 1691 601 se
1712 566 1825 601 libera
1846 571 1880 601 et
1900 578 1981 601 con-

346 626 492 668 similia,
523 637 542 659 e
571 630 683 660 strato
713 625 830 660 basali
856 630 998 669 exorta,
1036 625 1231 672 simplicia,
1267 625 1404 660 inferne
1439 626 1473 660 in
1507 625 1620 662 basin,
1651 625 1733 660 inde
1762 636 1916 671 superne
1945 626 1979 660 in

345 685 483 731 apicem
519 688 701 719 attenuata
737 688 771 718 ct
800 684 1064 730 polysiphonia.
1121 684 1395 730 Zoosporangia
1426 684 1578 730 duplicis
1607 684 1768 729 generis:
1817 686 1853 730 1)
1885 686 1978 719 mul-

346 745 561 783 tiloculao-ia,
591 743 947 788 subulam-oblonga„
978 742 1022 777 ad
1052 742 1155 777 basin
1178 742 1317 777 filorum
1339 743 1531 777 liberorum
1551 742 1780 787 fasciculata3
1811 744 1847 790 2)
1867 744 1979 778 unilo-

345 804 496 838 θυίαν-ἰω-
524 801 788 836 ”determinatis
825 801 913 836 locis
950 801 1046 836 circa
1074 801 1135 836 fila
1167 806 1353 846 congesta,
1382 801 1627 849 eylindracea,
1656 801 1713 835 axi
1742 802 1980 848 perpendicu-

343 862 444 902 laria
474 872 674 907 zoosporas
703 872 841 907 paucas
870 860 1059 895 foventia'’.
1107 860 1198 895 Tab.
1230 860 1281 894 III
1310 860 1372 906 fig.
1405 863 1419 895 1
1453 873 1483 894 a.
1512 863 1547 894 et
1576 860 1603 895 b.

350 984 377 1015 1.
434 979 684 1016 GIRAUDIA
716 979 1026 1025 sphacelarioides
1055 979 1165 1014 Derb.
1196 979 1266 1015 Sol.
1296 978 1402 1014 Mem.
1433 990 1464 1024 p.
1494 980 1552 1018 49,
1582 983 1605 1013 t.
1627 978 1717 1014 XIX
1740 979 1978 1024 fig-,12—16.

499 1074 538 1108 In
574 1072 683 1107 maris
718 1072 956 1107 Balmsiensis
985 1072 1095 1107 fundo
1124 1077 1270 1118 petroso
1294 1073 1386 1107 inter
1406 1072 1574 1118 scopulos
1597 1072 1809 1114 exteriores,
1838 1072 1979 1108 laciniis

344 1132 496 1167 vetustis
525 1132 785 1178 Rllodymeniae
813 1131 991 1177 palmatae,
1024 1131 1194 1167 Cbondro
1223 1131 1342 1178 crispo
1373 1135 1407 1165 et
1426 1131 1590 1166 Zosterae
1609 1131 1826 1172 increscens,
1848 1142 1901 1165 ex.
1923 1143 1976 1177 gr.

345 1190 389 1225 ad
420 1191 550 1236 Lange
581 1196 680 1225 extra
707 1189 1011 1233 FiskebackskiL
1042 1189 1086 1224 ad
1116 1189 1348 1225 Grebbestad
1376 1195 1410 1224 et
1439 1189 1583 1233 Koster,
1606 1200 1674 1235 quo
1694 1189 1772 1224 loeo
1787 1190 1861 1235 jam
1882 1192 1977 1225 1842

345 1262 366 1284 a
394 1250 498 1285 nobis
527 1250 621 1285 lecta
650 1255 714 1284 est.

500 1308 634 1343 Habitu
688 1308 911 1343 Elachistam
968 1308 1148 1349 referens,
1207 1307 1421 1354 eaespitosa,
1482 1306 1691 1353 caespitibus
1740 1309 1864 1341 5—10
1908 1318 1976 1341 mm

345 1367 477 1413 longis,
507 1379 578 1403 non
607 1379 688 1402 raro
717 1368 985 1403 stratiformiter
1014 1366 1287 1401 confluentibus.
1343 1366 1425 1400 Fila
1453 1365 1545 1400 inter
1574 1376 1613 1400 se
1639 1365 1753 1400 libera
1781 1368 1860 1410 (seu
1874 1365 1978 1412 rami)

346 1427 381 1461 in
409 1427 482 1461 ima
502 1426 580 1461 basi
605 1430 808 1469 attenuata,
838 1425 1199 1472 submonosiphonia,
1220 1424 1303 1460 inde
1324 1436 1479 1471 superne
1504 1435 1617 1470 usque
1643 1426 1687 1459 75
1704 1429 1819 1459 mermm
1834 1436 1976 1469 crassa,

344 1486 380 1520 in
409 1486 546 1532 apicem
575 1490 758 1520 attenuata
786 1489 821 1519 et
849 1484 1104 1531 polysiphonia
1132 1483 1338 1530 ibidemque
1367 1483 1402 1517 in
1423 1483 1515 1528 pilos
1551 1483 1679 1526 soluta,
1709 1483 1868 1519 articulis
1897 1496 1977 1520 sen-

345 1544 411 1579 sim
446 1543 682 1589 longioribus.
746 1544 803 1579 Ex
835 1543 907 1578 ima
939 1543 1062 1578 horum
1101 1542 1239 1577 filorum
1275 1542 1351 1577 basi
1382 1546 1514 1577 exeunt
1541 1542 1602 1576 fila
1631 1542 1750 1588 (rami)
1780 1543 1976 1589 simplicia,

346 1603 455 1638 multo
484 1603 652 1638 breviora
669 1608 703 1637 et
718 1602 946 1648 angustiora,
978 1601 1269 1647 monosiphonia,
1297 1601 1458 1636 articulis
1486 1612 1555 1636 non
1586 1612 1666 1635 raro
1697 1600 1805 1646 duplo
1828 1601 1848 1637 l.
1870 1602 1976 1648 triplo

345 1662 518 1697 diametro
548 1662 789 1703 brevioribus,
820 1664 1054 1708 paranemata
1081 1659 1284 1695 Elachistae
1312 1660 1534 1700 aemulantia,
1555 1664 1616 1694 aut
1634 1670 1720 1694 vera
1740 1666 1976 1706 parauemata

345 1726 405 1756 aut
438 1721 576 1755 filorum
597 1721 800 1766 longiorum
818 1719 1022 1767 primordia.
1054 1718 1332 1764 Zoosporangia
1361 1719 1635 1753 multilocularia
1664 1718 1975 1764 oblongo-acumi-

346 1785 447 1819 nata,
488 1779 752 1822 obfusiformia,
798 1790 910 1824 usque
950 1780 1019 1812 120
1048 1782 1162 1812 mcr¹¹¹s¹¹
1191 1778 1301 1823 longa
1328 1778 1479 1824 basique
1513 1778 1658 1812 10-—15
1689 1783 1803 1813 mer'um
1830 1790 1973 1821 crassa,

344 1838 583 1873 fasciculatim
612 1842 788 1883 congesta
816 1837 851 1872 in
881 1837 1028 1872 ramulis
1056 1837 1227 1872 brevibus
1257 1836 1560 1882 monosiplioniis,
1590 1847 1670 1881 quae
1699 1848 1717 1870 e
1746 1836 1883 1871 filorum
1914 1848 1975 1883 po-

342 1898 626 1944 lysiphoniorum
670 1897 749 1932 basi
789 1896 911 1931 infima
952 1895 1196 1940 egrediuntur.
1253 1894 1532 1941 Zoosporangia
1569 1894 1806 1930 unilocularia
1834 1907 1855 1930 a
1883 1895 1973 1931 Cell.

345 1958 488 1992 Derbes
517 1961 551 1991 et
576 1956 693 1992 Solier
720 1956 740 1990 l.
771 1967 798 1990 c.
829 1954 1011 1999 descripta
1040 1958 1073 1988 et
1101 1953 1245 1999 depicta
1271 1953 1375 1988 valde
1396 1953 1597 1998 singularia
1617 1952 1780 1988 videntur
1800 1954 1974 2000 nobisque

346 2022 428 2052 sunt
455 2017 590 2063 ignota.
633 2014 878 2050 Fruetificatio
908 2016 1036 2054 autem,
1066 2023 1171 2058 quan]
1201 2012 1439 2059 depinxerunt
1459 2013 1590 2047 fratres
1619 2011 1976 2049 CrouaninFlorule

345 2076 391 2111 du
419 2076 599 2111 Finistere
629 2076 697 2110 tab.
728 2076 785 2116 27,
819 2074 886 2107 171
912 2075 965 2106 est
993 2070 1274 2117 heterogeneum
1304 2071 1492 2117 quidquid,
1520 2070 1615 2116 quod
1644 2071 1677 2105 in
1704 2073 1835 2107 nostris
1857 2073 1974 2118 speci-

346 2135 500 2170 minibus
529 2145 669 2180 quoque
699 2133 860 2167 vidimus.

882 2333 910 2372 L
923 2333 970 2372 [Τ
980 2333 1011 2372 11
1022 2332 1049 2371 Ο
1060 2332 1089 2372 l)
1099 2332 1125 2371 E
1137 2331 1167 2371 R
1178 2331 1210 2370 M
1220 2330 1253 2371 A
1282 2330 1435 2371 Arcsch.

499 2447 630 2483 Crusta
660 2444 1077 2490 nigrescenti-olivacea‚
1107 2448 1181 2478 tota
1208 2443 1344 2489 pagiua
1366 2443 1532 2478 inferiore
1550 2447 1645 2478 arcte
1667 2442 1816 2482 adnata,
1841 2442 1972 2482 tenuis,

346 2508 379 2541 in
422 2508 571 2541 formam
617 2503 851 2539 orbicularem
904 2503 1070 2545 tendens,
1119 2501 1222 2536 novis
1272 2502 1394 2536 stratis
1447 2500 1627 2548 periodiCe
1670 2500 1972 2547 super-impositis

347 2565 481 2599 sensim
513 2564 669 2599 crassior
696 2567 730 2597 et
755 2562 865 2596 firma.
902 2564 1023 2597 Strata
1052 2573 1097 2596 ex
1124 2560 1194 2595 filis
1223 2560 1371 2601 erectis,
1395 2559 1630 2606 simplicibusq
1653 2559 1868 2599 articulatis,
1888 2569 1971 2593 con-
