2080 3006
585 229 903 265 OBSERVATIONES
932 230 1224 265 Pnycomewffl.
1619 232 1672 268 ,17

91 333 272 369 cortiealis
302 331 508 366 exoriuntur
535 330 805 376 zoosporangia
839 331 1132 370 multilocularia,
1175 342 1220 365 ex
1257 331 1362 365 unica
1391 332 1486 366 serie
1515 331 1722 367 cellularum

90 395 312 433 constructa,
340 392 387 425 50
417 394 532 424 mcr¹¹¹¹¹¹
567 389 678 434 longa
705 394 739 423 et
767 391 788 424 5
818 394 933 423 mer¹¹¹¹¹¹
962 389 1104 424 circiter
1133 401 1276 429 crassa,
1301 390 1433 435 ubique
1453 390 1623 436 aequalia,
1645 391 1723 426 basi

89 449 324 489 eohaerentia,
368 448 462 494 quod
509 448 842 494 multiplicationem
890 458 1010 482 eorum
1054 459 1116 493 per
1163 447 1376 482 divisionem
1424 448 1722 494 longitudinalem

88 508 251 545 ostendit.
307 507 462 542 Plantae
490 518 592 552 pars,
629 507 662 541 in
692 518 763 552 qua
790 507 1060 552 zoosporangia
1088 507 1309 549 evolvuntur,
1340 508 1519 542 intensius
1548 508 1720 544 olivaeea.

88 568 394 612 Phaeozoosporae
430 565 575 600 emissae
603 565 757 600 anobis
793 564 948 600 nondum
991 565 1196 600 observatae
1233 571 1325 600 sunt.
1381 566 1460 601 Non
1490 578 1570 601 raro
1599 567 1722 602 obser-

49 623 51 625 ’
89 630 216 661 vantur
244 629 546 672 cryptostomata,
579 636 623 659 ex
653 624 780 670 quibus
810 628 940 658 exeunt
966 623 1131 658 fasciculi
1160 623 1310 658 filorum.

666 860 692 899 E
704 860 732 899 L
742 859 774 900 A
785 860 808 899 C
818 859 849 899 ll
861 860 873 898 l
886 859 943 899 ST
952 859 985 899 A
1021 859 1139 911 Duby.

95 1003 119 1033 l.
175 996 465 1033 ELACHISTA
496 996 656 1032 Chondri
685 997 834 1033 Arescli.

238 1073 331 1108 Filis
359 1073 483 1108 liberis
513 1073 650 1108 inferne
684 1073 718 1108 in
759 1073 861 1108 basin
899 1073 1049 1119 abrupte
1087 1078 1122 1107 et
1168 1073 1344 1107 cuneatim
1393 1072 1475 1107 inde
1509 1072 1542 1106 in
1578 1074 1716 1120 apicem

85 1134 193 1179 longe
227 1132 434 1175 attenuatis,
464 1132 624 1167 articulis
653 1143 672 1166 e
702 1131 910 1166 membrana
938 1132 1101 1166 cellulari
1131 1132 1227 1166 tenui
1256 1136 1291 1165 et
1319 1130 1473 1166 flaccida
1499 1133 1716 1168 constructis

86 1191 326 1227 endochroma
354 1202 499 1237 parcum
532 1190 798 1226 continentibus
831 1190 864 1224 in
901 1190 1015 1225 basali
1041 1194 1141 1236 parte
1168 1190 1341 1225 diametro
1364 1189 1471 1235 duplo
1493 1190 1716 1226 brevioribus

89 1262 243 1297 superne
278 1250 411 1285 sensim
446 1250 584 1296 sesqui·
617 1249 726 1296 duplo
760 1250 780 1284 l.
806 1248 912 1295 triplo
940 1249 1180 1294 longioribus,
1208 1248 1498 1295 paraneniatibus
1532 1249 1715 1296 subcylin-

86 1309 242 1352 draceis,
287 1309 449 1344 articulis
491 1308 666 1343 diametro
709 1308 817 1354 duplo
855 1308 874 1344 l.
911 1308 1016 1354 triplo
1045 1308 1289 1348 brevioribus,
1325 1307 1603 1352 zoosporangiis
1641 1310 1715 1343 uni-

85 1367 303 1403 loeularibus
332 1367 502 1413 elliptieis
530 1367 550 1402 l.
579 1367 825 1403 subobovatis.
881 1366 969 1401 Tab.
999 1366 1033 1401 II
1061 1366 1120 1411 fig.
1154 1368 1185 1400 2.

238 1427 279 1461 Iu
309 1430 456 1471 utraque
486 1425 645 1461 Chondri
675 1426 784 1472 crispi
813 1425 950 1472 pagina
979 1430 1013 1460 et
1042 1427 1075 1460 in
1096 1424 1319 1460 Furcellaria
1338 1424 1535 1469 fastigiata,
1556 1424 1714 1461 infundo

84 1491 230 1534 petroso
260 1484 527 1521 extrataeniensi
558 1486 667 1520 maris
697 1485 950 1524 Bahusiensis,
986 1496 1097 1531 prope
1126 1483 1415 1519 Fiskebackskil
1444 1483 1488 1518 ad
1519 1482 1650 1529 Lange
1680 1489 1715 1519 et

83 1545 127 1581 ad
157 1544 398 1581 Grebbestad.
426 1542 497 1578 Jul.
526 1543 620 1589 Aug.

238 1602 418 1649 Caespites
443 1614 535 1637 nunc
566 1602 716 1637 solitarii
744 1614 837 1638 nune
856 1602 1121 1638 stratiformiter
1141 1601 1375 1642 confluentes,
1398 1599 1566 1635 olivaeei.
1590 1603 1713 1635 6—10

83 1676 151 1699 mm
181 1663 253 1698 alti.
308 1662 463 1697 stratum
502 1662 625 1697 basale
664 1673 727 1696 seu
767 1661 1051 1708 hypothallinum
1082 1671 1100 1694 e
1129 1660 1337 1695 cellularum
1367 1659 1504 1694 inferne
1534 1658 1711 1705 cylindra-

83 1734 242 1765 cearum‚
274 1732 428 1767 superne
458 1720 836 1766 elliptico-inflatarum
866 1721 1030 1755 seriebus
1056 1719 1209 1754 ramosis
1245 1718 1428 1763 denseque
1470 1717 1611 1764 stipatis
1643 1719 1712 1753 for-

82 1787 224 1816 matum.
278 1780 359 1815 Fila
399 1780 514 1814 libera
553 1780 696 1826 paulum
739 1791 850 1825 supra
877 1784 1012 1826 partem
1042 1778 1203 1814 basalem
1234 1781 1453 1812 attenuatam
1483 1776 1711 1811 crassissima

82 1844 117 1875 et
143 1839 225 1874 inde
254 1839 288 1873 in
314 1839 454 1885 apicem
485 1842 677 1883 angustum
708 1842 743 1872 et
771 1838 986 1884 piliformem
1016 1837 1429 1883 aequaliteratte11uata;
1459 1835 1597 1870 articuli
1618 1846 1709 1870 nune

82 1897 300 1945 cylindracei
328 1909 419 1932 nunc
449 1896 578 1940 inflati,
608 1897 652 1931 ab
682 1896 912 1932 crassissima
939 1896 988 1931 fili
1019 1901 1136 1942 parte,
1165 1895 1225 1930 ubi
1254 1895 1427 1929 diametro
1448 1893 1506 1927 vix
1526 1894 1710 1939 longiores

82 1961 178 1997 sunt,
208 1967 334 1992 versus
363 1955 501 2001 apicem
531 1955 666 1990 sensim
688 1955 839 2001 sesqui-‚
867 1955 887 1990 l.
921 1955 1028 2002 duplo
1058 1959 1092 1989 et
1120 1953 1273 1999 denique
1294 1953 1455 1999 apicales
1476 1962 1588 1997 usque
1608 1952 1708 1997 4-plo

83 2016 254 2051 diametro
280 2014 480 2060 longiores,
508 2013 751 2049 endoeliroma
780 2025 944 2060 parcum,
975 2014 1008 2048 in
1030 2012 1213 2059 globulum
1230 2011 1424 2046 centralem
1448 2011 1617 2045 minorem
1639 2021 1708 2044 non

83 2086 164 2110 raro
189 2074 405 2119 collapsum,
435 2072 667 2108 continentes.
696 2073 938 2108 Paranemata
957 2073 991 2107 in
1007 2072 1151 2117 juniore
1172 2071 1296 2117 planta
1316 2069 1475 2104 articulis
1497 2068 1705 2103 diametrum

80 2133 306 2180 aequantibus
334 2132 356 2166 l.
377 2131 681 2177 sublongioribus.
712 2131 991 2178 Zoosporangia
1011 2129 1247 2165 unilocularia.
1275 2128 1518 2173 subelliptica,
1545 2127 1707 2172 utrinque

81 2192 228 2234 obtusa,
257 2191 278 2226 l.
307 2191 382 2225 fere
410 2191 581 2225 obovata:

233 2248 339 2296 Apud
381 2260 447 2284 nos
491 2260 568 2283 cun]
613 2248 710 2283 nulla
746 2248 867 2294 speeie
905 2248 1010 2283 facile
1040 2245 1206 2282 confundi
1235 2248 1362 2291 potest.
1418 2244 1560 2278 Revera
1587 2247 1706 2278 autem

83 2309 127 2345 ad
155 2309 209 2345 El,
238 2307 425 2343 flaccidam
455 2318 495 2342 se
530 2307 793 2353 appropinquat
833 2307 898 2346 ita,
938 2311 974 2340 ut
1008 2306 1038 2340 si
1074 2309 1217 2351 postero
1254 2303 1311 2337 die
1339 2314 1417 2337 eum
1447 2313 1490 2336 ea
1518 2301 1708 2347 conjuncta

81 2367 194 2410 fuerit,
224 2366 319 2401 haud
347 2366 640 2412 repugnabimus.
662 2387 708 2391 »-
725 2365 779 2400 El.
812 2364 1100 2399 breviarticulata
1129 2368 1162 2397 et
1190 2362 1244 2396 El.
1274 2366 1374 2396 curta
1399 2361 1562 2395 Auctorr.
1584 2359 1629 2394 ad
1650 2360 1704 2396 El.

83 2425 246 2461 flaccidae
274 2424 432 2471 speciem
462 2429 557 2459 certe
585 2424 778 2470 pertinent,
810 2423 842 2457 in
873 2433 943 2467 qua
971 2422 1142 2457 articulos
1162 2419 1388 2465 longitudine
1409 2424 1443 2453 et
1462 2419 1576 2453 forma
1596 2418 1704 2454 multo

82 2484 199 2530 magis
226 2494 331 2529 quam
362 2483 396 2516 in
425 2483 498 2517 ulla
524 2482 596 2516 alia
625 2481 762 2516 variare
790 2480 954 2515 vidimus.

182 2583 256 2609 Nova
275 2584 341 2609 Acta
360 2584 423 2618 Reg.
444 2583 500 2607 Soc.
520 2582 559 2606 ἕο.
580 2580 641 2614 Ups.
661 2580 715 2606 Ser.
735 2580 783 2605 ΙΙΙ.
1589 2577 1605 2601 3
