2080 3006
426 240 472 273 24
1007 236 1041 272 J.
1070 237 1110 272 E.
1142 237 1390 280 AREscuoUc,

529 338 680 375 Gratias
711 338 885 373 dehemus
914 338 1029 373 amico
1059 338 1135 372 Dri.
1153 337 1353 383 Kjellman,
1386 338 1446 383 qui
1469 338 1675 383 benigniter
1701 338 1883 373 concessit
1910 339 2014 374 nobis

375 400 409 434 in
454 399 666 434 charactere
707 397 855 442 generis
900 397 1085 443 respicere
1116 402 1304 442 utramque
1339 408 1360 431 a
1388 408 1428 432 se
1457 397 1524 432 hoc
1553 396 1669 431 hieme
1698 397 1879 431 inventam
1908 397 2014 443 liujus

375 457 509 504 speciei
539 456 861 491 fructificationem.
917 455 1003 490 Sola
1031 455 1216 501 sequent-is
1246 456 1382 501 speciei
1411 456 1682 502 zoosporangia
1702 455 1913 491 invenimus.

526 515 667 550 Ralt'sia
696 520 847 550 extensa
875 515 1030 549 Urouan.
1050 514 1490 550 1911111Εῑιιῑεῑρι-εΙ.ο.ῑη
1518 520 1676 551 nostram
1707 515 1883 560 speeiem,
1913 516 2012 550 habi-

375 580 446 610 tum
482 575 511 610 si
542 574 711 621 respicis,
755 585 823 608 non
867 574 958 609 malc
988 572 1156 619 quadrat3
1193 584 1236 607 ex
1262 573 1376 608 altera
1405 579 1522 609 autem
1553 578 1667 620 parte,
1700 574 1925 620 7'sporanges
1954 586 2012 621 cy—

375 633 573 679 lindriques
612 638 791 678 occupant
823 633 856 667 10
891 639 1011 668 centre
1057 632 1101 667 dc
1136 632 1172 666 la
1206 632 1349 675 fronde,
1388 633 1600 673 nomm-eux,
1635 635 1656 666 a
1687 634 1706 666 8
1737 632 1900 672 articles,
1930 643 2010 667 con-

374 698 495 727 tenant
521 692 657 727 chacun
686 703 754 726 11110
784 692 924 738 spore'⁷,
960 691 1070 726 verba
1100 698 1198 733 sunt,
1229 702 1311 736 quae
1338 691 1371 725 in
1399 696 1558 726 nostram
1586 690 1743 737 plantam
1774 702 1842 726 non
1872 690 2013 726 cadant.

376 752 412 787 Si
458 758 576 786 antem
606 762 735 797 sporae,
764 762 855 796 quas
881 750 1091 786 memoravit
1120 749 1281 791 Crouan,
1325 755 1406 785 sunt
1435 750 1573 795 globuli
1600 761 1709 796 supra
1738 750 1922 785 memorati
1953 762 2012 785 en-

375 810 618 845 docln-omatis
649 811 682 845 in
713 809 875 845 articulis
903 808 1042 843 filorum
1073 809 1307 850 νει-1100111101,
1332 820 1391 843 res
1421 808 1598 844 declarari
1628 814 1755 855 potest.

377 965 407 998 2.
465 962 696 997 LITHODE
714 961 805 997 {MA
835 961 1010 997 fluviatilc
1039 961 1226 996 Areseh.

530 1047 663 1083 Crusta
696 1047 832 1081 minore
867 1047 941 1081 fere
975 1046 1210 1092 inconspicua
1250 1058 1360 1093 supra
1394 1047 1477 1082 laevi
1511 1057 1653 1092 semper
1686 1046 1899 1082 tenuissima
1938 1047 2011 1083 acri

375 1107 542 1154 exposita
571 1107 795 1142 immutabili.

529 1167 568 1201 In
604 1166 738 1212 lapillis
776 1166 810 1200 in
840 1165 950 1200 fundo
980 1164 1321 1211 arenoso-lapidoso
1349 1165 1505 1199 amnium
1536 1164 1709 1198 minorum
1740 1169 1774 1198 et
1802 1164 2013 1203 rivulorum,

376 1238 427 1261 ex.
465 1238 517 1271 gr.
556 1225 648 1260 infra
683 1224 855 1268 Qvarnbo
898 1224 977 1259 loco
1005 1235 1157 1259 arenoso
1193 1224 1226 1258 in
1269 1223 1350 1270 ipsa
1377 1223 1444 1258 lira
1473 1223 1589 1258 amnis
1615 1227 1649 1257 et
1678 1222 1722 1256 ad
1753 1222 1849 1258 Lilla
1879 1223 2011 1258 Ward-

374 1291 473 1321 satra
501 1296 611 1331 prope
642 1284 789 1323 Molam,
832 1295 897 1318 1100
926 1283 1009 1318 alibi
1039 1283 1072 1318 in
1102 1287 1176 1318 tota
1205 1282 1336 1318 Svecia
1365 1294 1386 1316 a
1414 1281 1518 1316 nobis
1545 1281 1641 1316 lecta
1670 1287 1739 1325 est,
1771 1293 1836 1316 nec
1866 1283 1911 1317 ab
1939 1282 2012 1317 ullo

375 1344 462 1384 alio,
492 1348 660 1389 quantum
689 1343 832 1378 scimus.
889 1342 992 1377 Anno
1026 1344 1119 1377 1853
1146 1342 1298 1388 primum
1327 1341 1484 1376 inventa.
1539 1340 1747 1376 Aestivalis.

529 1402 622 1436 Tam
664 1406 761 1436 arctc
807 1407 862 1436 est
898 1401 1021 1447 lapillo
1055 1400 1206 1443 adnata,
1237 1404 1273 1435 ut
1302 1400 1346 1435 dc
1376 1400 1572 1446 praesentia
1602 1401 1679 1445 ejus
1708 1412 1776 1435 non
1805 1401 1923 1447 possit
1947 1401 2011 1436 tibi

376 1460 585 1508 persuaderi
629 1460 697 1495 nisi
735 1460 847 1495 cultro
890 1459 1064 1501 adhibita
1109 1471 1179 1505 quo
1222 1459 1374 1494 frustula
1416 1459 1657 1494 minutissima
1692 1460 1819 1495 abradi
1860 1459 2011 1505 possint.

377 1520 548 1556 Siecitate
592 1532 660 1554 non
704 1523 864 1554 mutatur.
931 1518 1187 1565 Superficiales
1216 1518 1358 1553 cellulae
1391 1522 1473 1553 sunt
1506 1529 1568 1564 per
1602 1523 1714 1553 totam
1751 1519 1825 1554 fere
1855 1523 2008 1554 crustam

377 1579 664 1625 rcctangulares,
693 1579 728 1612 in
762 1578 875 1613 series
905 1577 1097 1619 ordinatae,
1128 1577 1258 1628 quaein
1279 1577 1431 1613 lacinias
1453 1577 1674 1623 marginales
1690 1578 1711 1615 1.
1730 1577 2010 1624 prolificationes

375 1639 646 1674 fiabcllifornies
675 1637 846 1672 arcuatim
878 1637 1020 1675 intrant;
1049 1636 1254 1682 junioribus
1285 1636 1410 1672 stratis
1439 1648 1548 1683 supra
1569 1640 1693 1671 vetera
1721 1636 1904 1677 formatis,
1932 1636 2009 1672 haec

376 1702 554 1732 structura
574 1696 613 1731 fit
632 1697 820 1731 obscurior
840 1701 889 1739 ct,
925 1701 961 1731 nt
991 1696 1025 1730 in
1047 1696 1165 1741 priore
1188 1695 1327 1742 specie,
1349 1695 1481 1730 minute
1498 1695 1817 1743 parenchymatica
1836 1696 1871 1730 in
1892 1695 2011 1731 media

377 1756 507 1802 planta.
554 1755 674 1791 Sectio
704 1762 835 1790 crustae
858 1754 1043 1789 verticalis
1071 1754 1230 1789 ostendit
1257 1754 1318 1789 fila
1347 1754 1536 1789 verticalia
1552 1766 1596 1789 ex
1612 1754 1771 1790 articulis
1787 1766 1850 1790 seu
1871 1755 2010 1791 cellulis

378 1817 491 1855 5—o,
527 1825 607 1859 qnae
643 1815 760 1850 nullos
798 1813 981 1848 includunt
1009 1813 1177 1859 globulos
1206 1813 1401 1856 centrales,
1446 1817 1661 1848 constructa.
1716 1813 1756 1848 In
1784 1813 1866 1860 ipsa
1889 1819 2010 1850 crusta

377 1873 495 1920 sparsi
538 1878 620 1907 sunt
662 1873 734 1908 sori
776 1873 984 1908 cellularum
1022 1873 1212 1918 majorum,
1247 1873 1421 1907 formatas
1455 1884 1584 1919 sporas
1610 1872 1881 1916 continentium,
1912 1885 2007 1920 quae,

377 1938 414 1968 nt
440 1932 709 1979 zoosporangia
737 1932 974 1967 unilocularia
1002 1930 1132 1977 prioris
1153 1930 1305 1977 speciei,
1328 1935 1463 1966 exortae
1483 1936 1564 1966 sunt
1583 1932 1899 1967 transformatione
1925 1933 2008 1968 arti-

377 1992 535 2027 culorum
567 1991 757 2038 apicalium
789 1991 928 2025 filorum
957 1989 1188 2024 verticalium.

618 2208 1034 2250 PHLOEOSPORA
1070 2207 1226 2250 Aroscll.
1255 2208 1335 2248 Bot.
1365 2207 1448 2247 Not.
1480 2207 1586 2248 1873.
1618 2221 1649 2260 p.
1681 2209 1753 2248 131.

529 2330 660 2365 Planta
684 2331 1061 2376 capillati-tilit'ormis,
1090 2331 1276 2376 elongata,
1302 2331 1565 2370 ramosissima,
1592 2331 1729 2366 inferne
1749 2331 1927 2374 fistulosa,
1949 2343 2005 2367 su-

376 2402 486 2437 perne
511 2389 637 2425 solida.
695 2390 815 2424 Strata
843 2389 926 2424 duo:
957 2390 1116 2424 ‹rortz'cale
1151 2401 1170 2424 0
1205 2389 1345 2424 cellulis
1386 2390 1598 2432 minoribus,
1632 2390 1665 2425 in
1700 2391 1890 2437 superficie
1923 2391 2004 2426 sub-

376 2449 560 2495 quadratis
594 2448 615 2483 l.
644 2449 976 2493 rectangularibns3
1005 2450 1184 2483 internum
1211 2448 1385 2491 validum,
1420 2460 1439 2483 0
1472 2449 1667 2494 majoribus
1700 2449 2007 2495 longitudinaliter

376 2508 571 2552 elongatis,
608 2507 640 2541 in
671 2507 728 2541 axi
756 2507 995 2542 crassioribus
1024 2518 1149 2542 versus
1182 2507 1421 2553 peripheriam
1450 2508 1582 2542 sensim
1618 2508 1887 2553 angustioribus
1923 2519 2004 2543 con-

377 2570 557 2600 structum.
614 2566 716 2600 Rami
751 2566 949 2611 ramuliquc
984 2566 1087 2611 apice
1121 2565 1155 2600 in
1188 2566 1318 2600 50110111
1346 2566 1553 2601 cellularum
1583 2577 1645 2601 seu
1675 2566 1902 2601 articulorum
1931 2566 2005 2612 pilo
