2080 3006
584 242 901 279 OBSERVATIONES
929 244 1223 280 PHYCoLOGICAE.
1617 249 1671 283 -19

89 342 276 377 nonnullas
304 342 438 378 formas
467 342 716 385 intermedias,
749 344 783 378 ni
812 344 979 385 fallimur,
1007 356 1088 391 quae
1117 357 1195 381 eam
1217 347 1386 393 specifice
1409 347 1633 394 distinguere
1655 360 1720 384 nos

89 400 289 447 prohibent.

249 459 327 494 Obs.
382 459 422 494 In
454 460 597 505 juniore
628 459 747 494 stadio
776 472 899 496 omnes
928 461 1002 496 fere
1031 461 1230 496 Elacliistae
1265 463 1407 508 species
1443 464 1585 499 steriles
1620 469 1717 509 sunt,

88 521 200 552 strato
235 517 482 564 hypothallino
518 518 659 563 filisque
695 518 818 554 liberis
848 520 923 565 jam
956 520 1046 555 bene
1075 520 1244 565 evolutis3
1278 526 1360 567 post
1395 522 1461 557 hoc
1494 523 1554 558 fila
1582 522 1719 558 minora

87 587 150 611 seu
185 581 420 622 paranemata
462 581 497 611 et
538 577 804 623 zoosporangia
846 577 984 613 demum
1023 579 1254 625 explicantur.
1310 580 1488 617 Autumno
1517 582 1668 616 intrante
1696 581 1717 616 l.

86 635 228 680 longius
269 639 457 680 provecto,
495 635 556 670 fila
589 635 704 671 libera
740 635 970 680 abjiciuntur,
1006 637 1298 683 paranelnatibus
1332 650 1409 674 cum
1439 640 1715 686 zoosporangiis

86 693 321 739 glomerulum
350 693 661 741 hemispliaerieum
682 694 916 730 formantibus
936 695 1138 741 (Elaehista
1153 696 1307 741 globosa
1323 688 1484 744 Orsted).
1515 698 1571 733 De
1592 703 1715 733 cetero

89 762 156 786 non
186 751 290 787 modo
320 763 439 787 earum
470 752 630 792 habitus,
660 753 723 788 sed
756 753 860 788 etiam
890 758 1160 799 paranematum
1178 758 1212 789 et
1228 756 1572 801 zoosporangiorum
1594 768 1714 791 nume-

85 820 144 845 rus
172 822 194 845 a
222 809 366 845 diversa
411 811 569 846 matricis
613 816 805 854 structura,
842 812 941 847 fundi
970 812 1091 847 indole
1120 818 1154 847 et
1182 813 1270 848 salis
1299 814 1496 860 quantitate
1525 819 1607 850 sunt
1635 827 1707 851 ma-

84 879 244 914 gnopere
273 869 536 915 dependentes,
580 875 616 905 ut
644 871 673 905 si
703 871 845 917 speeies
882 883 1104 917 cognoscere
1146 873 1254 915 velis,
1295 873 1414 908 omnia
1442 885 1563 909 earum
1593 874 1713 909 evolu-

83 927 190 962 tionis
219 927 336 962 stadia
366 929 436 963 sint
468 929 668 974 sequenda,
699 929 792 975 quod
826 931 946 965 facere
975 942 1043 965 non
1074 931 1263 977 potuimus.

611 1162 948 1205 CASTAGNEA
981 1165 1089 1205 Derb.
1119 1165 1189 1205 Sol.

84 1287 112 1320 1.
168 1283 477 1321 OASTAGNEA
506 1284 689 1318 virescens
719 1282 868 1329 (carm.)
897 1284 1044 1319 Thuret.

124 1428 128 1433 ,
233 1389 324 1426 Haee
349 1389 445 1435 apud
473 1401 539 1425 nos
569 1389 795 1424 multiformis
824 1394 880 1424 est
907 1390 1040 1436 planta,
1070 1392 1172 1437 cujus
1200 1392 1335 1427 tor-mas
1364 1391 1554 1427 nonnullas
1575 1391 1609 1426 in
1624 1391 1706 1437 Alg.

79 1461 127 1485 sc.
157 1460 232 1485 exs.
262 1448 519 1491 distribuimus,
550 1452 739 1494 sperantes
768 1452 805 1481 ut
834 1458 896 1482 eas
925 1449 1095 1494 specifice
1116 1449 1340 1495 distinguere
1362 1461 1564 1497 possemus.
1605 1450 1709 1485 Nunc

79 1520 181 1549 vero,
209 1519 321 1554 opera
350 1512 385 1542 et
413 1507 492 1542 oleo
522 1506 689 1552 perditis,
719 1506 894 1552 plurimas
928 1518 1049 1542 earum
1086 1507 1310 1554 Castagneae
1347 1509 1560 1544 virescentis
1594 1509 1707 1544 varie-

78 1572 172 1603 tates
209 1567 344 1602 habere
382 1566 553 1611 cogimur.
617 1565 685 1600 Est
721 1565 798 1600 haec
831 1566 974 1611 speeies
1004 1577 1131 1602 revera
1162 1568 1286 1613 planta
1321 1567 1492 1610 vernalis,
1522 1567 1708 1603 mensibus

77 1626 208 1674 Aprili,
244 1626 341 1671 Majo
371 1628 405 1659 et
431 1623 541 1659 Junio
571 1624 605 1658 in
633 1623 742 1658 fundo
772 1635 924 1660 arenoso
955 1625 1159 1660 concliifero
1188 1631 1224 1661 et
1253 1628 1377 1662 8-10
1397 1626 1510 1673 pedes
1539 1625 1706 1661 demerso

77 1686 221 1721 minime
252 1696 349 1724 rara,
389 1682 518 1718 deinde
556 1694 788 1718 evanescens.
845 1683 933 1718 Post
962 1683 1029 1718 hoc
1057 1683 1155 1719 Julio
1185 1689 1219 1720 et
1248 1684 1415 1730 Augusto
1444 1685 1627 1720 reviviscit
1655 1684 1707 1719 di-

76 1744 192 1780 versis
223 1744 322 1784 loeis,
353 1742 417 1778 sed
447 1743 524 1787 ejus
555 1741 755 1787 specimina
783 1753 887 1787 quam
920 1753 1003 1777 vere
1034 1743 1142 1788 longe
1172 1744 1343 1789 pauciora
1371 1749 1406 1779 et
1435 1755 1577 1790 sparsa.

179 1868 205 1893 1.
266 1853 405 1888 Formce
432 1852 604 1886 carimdes:

318 1935 350 1966 a)
374 1927 552 1967 Mesogloia
580 1927 696 1957 baltiea
721 1927 790 1966 Alg.
817 1937 861 1958 se.
886 1936 953 1958 eXS.
980 1938 1007 1958 n.
1034 1929 1105 1959 216.

319 1988 351 2024 b)
376 1988 563 2026 Castagnea
587 1986 751 2017 virescens
777 1987 847 2026 Alg.
874 1996 918 2017 se.
945 1997 1011 2019 exs.
1041 1999 1069 2018 n.
1096 1989 1168 2019 315.

174 2071 201 2098 2,
245 2059 385 2094 Formoe
411 2056 573 2091 oestivales
601 2056 620 2090 ἰ.
649 2056 886 2090 autumnales:

324 2140 355 2170 c)
379 2132 560 2173 Mesogloia
585 2132 754 2162 virescens
779 2131 878 2172 Phye.
905 2131 1016 2162 seand.
1042 2142 1118 2163 mar.
1145 2143 1173 2172 p.
1205 2135 1272 2163 151.

316 2194 351 2229 d)
434 2212 473 2214 —
585 2191 720 2221 Ekmani
746 2191 818 2230 Alg.
844 2201 888 2222 sc.
914 2200 982 2222 exS.
1009 2202 1038 2222 n.
1063 2193 1134 2223 215.

225 2262 282 2297 Ex
317 2262 481 2297 omnibus
510 2261 565 2295 his
594 2260 717 2295 formis
745 2260 951 2305 Mesogloia
980 2260 1136 2295 Ekmani
1165 2259 1286 2304 (Ekm.
1316 2259 1455 2304 Bith-ag
1483 2271 1514 2305 p.
1548 2261 1604 2295 13.
1623 2261 1698 2296 Me-

72 2321 207 2367 soyloz'w
234 2323 335 2367 spec.)
364 2319 467 2355 nobis
496 2319 575 2354 visa
605 2324 659 2354 est
688 2318 979 2360 distinctissima,
1010 2318 1073 2353 sed
1110 2318 1280 2364 nuperius
1309 2318 1466 2364 acceptis
1496 2319 1697 2364 specimini-

72 2378 156 2422 bus,
187 2389 267 2424 quae
295 2378 339 2413 ad
366 2378 553 2424 vulgarem
580 2376 802 2422 Castagneae
823 2377 1035 2412 virescentis
1058 2378 1205 2411 formam
1226 2376 1325 2411 abire
1348 2376 1524 2419 videntur,
1549 2376 1593 2412 de
1615 2378 1696 2413 utri-

74 2447 187 2483 usque
228 2448 313 2472 vera
353 2436 556 2471 differentia
597 2435 760 2470 dubitare
803 2435 906 2470 nobis
943 2435 989 2470 sit
1017 2446 1237 2470 concessum.
1291 2434 1331 2469 In
1359 2434 1429 2469 filis
1462 2435 1697 2481 periphcricis

72 2500 153 2531 sunt
180 2496 216 2531 in
244 2495 407 2531 omnibus
437 2494 670 2529 varictatibus
711 2493 899 2538 longitudo
932 2493 1163 2528 articulorum
1193 2497 1226 2527 et
1253 2493 1367 2528 forma
1396 2504 1615 2540 magnopere
1644 2494 1696 2529 in-

74 2557 282 2588 constantes
311 2557 345 2588 et
373 2564 416 2587 ex
445 2552 578 2587 exteris
607 2551 793 2586 momentis
820 2551 1073 2597 dependentes.
