2080 3006
407 234 429 266 4
983 229 1016 266 J.
1044 230 1084 266 E.
1114 230 1362 274 Anesonouo,

358 332 637 374 nominminms,
665 330 1171 377 deplanate-ltemispltaeriea3
1200 331 1398 377 sporangia
1425 333 1446 364 4
1475 341 1603 376 speras
1620 330 1851 366 continentia.
1884 330 1989 365 Laci-

360 390 429 425 niae
461 395 591 425 erustae
632 388 853 435 marginales
888 388 1008 434 potius
1044 389 1229 424 radialiter
1266 401 1371 435 quan]
1401 389 1627 425 eoncentriee
1654 389 1792 424 striatze
1820 389 1842 428 l,
1872 389 1989 424 saltim

360 450 511 484 obscure
541 449 685 484 striatae
739 447 821 483 Sori
850 448 1111 494 tetrasporiferi
1145 447 1299 482 nondum
1329 448 1472 484 inventi.

366 611 395 644 7.
451 607 740 645 MELOBESIA
768 607 931 642 farinosa
958 606 1294 643 Lamour.Aresclt.
1325 608 1345 644 1.
1375 620 1402 643 c.
1421 610 1552 655 p.51·2.
1583 609 1759 645 Rosanoff
1787 609 1808 643 l.
1837 620 1864 643 c.
1892 610 1991 654 11139

768 672 790 702 t.
819 666 871 701 ΙΠ
899 666 921 700 f.
951 667 1086 706 2—13,
1115 671 1136 701 t.
1168 666 1218 701 IV
1246 667 1266 702 f.
1301 668 1355 702 10.

517 745 640 780 Variis
668 745 780 790 algis,
811 743 1011 790 praesertim
1041 754 1125 777 vero
1153 743 1248 778 foliis
1277 743 1439 778 Zosterae
1468 743 1616 779 marinae
1650 748 1685 779 et
1711 732 1793 779 tunc
1823 755 1893 779 non
1914 753 1994 777 raro

366 806 399 840 in
436 804 676 851 praecedentis
718 803 893 838 socictate
928 802 1151 845 increscens7
1195 814 1277 837 rara
1312 814 1381 837 non
1416 808 1470 837 est
1505 803 1538 837 in
1576 802 1724 838 sinubus
1766 801 1994 837 interioribus

366 864 474 899 maris
504 862 752 898 Baltusiensis.

517 922 808 968 Descriptionem
852 925 1011 955 nostram
1054 919 1074 953 l.
1118 931 1158 957 e.‚
1199 930 1305 964 quam
1344 919 1397 954 '’la
1427 919 1508 965 plus
1538 919 1685 954 exactc''
1715 919 1911 955 nominavit
1941 918 1994 954 CI.

366 981 551 1021 nosanoff,
579 981 613 1015 in
643 979 827 1014 meliorem
857 984 993 1014 mutare
1024 990 1091 1013 non
1119 989 1322 1024 possumus.
1361 978 1563 1013 Nonnullas
1583 982 1702 1013 tamen
1723 978 1996 1013 observationes

367 1041 500 1076 addere
535 1040 642 1078 lubet,
698 1037 830 1073 Crusta
861 1038 1086 1073 conecntricc
1122 1042 1253 1072 zonata
1282 1048 1345 1071 seu
1374 1036 1516 1079 striata,
1540 1038 1618 1083 Jam
1646 1037 1681 1072 in
1710 1037 1825 1083 prima
1848 1036 1998 1071 infantia

366 1098 664 1135 flabellitormiter
684 1109 859 1143 expansa:
891 1096 1020 1131 deimle
1042 1096 1146 1131 modo
1167 1096 1353 1137 laciniata,
1375 1095 1517 1130 laciniis
1537 1096 1571 1130 in
1588 1097 1737 1132 formam
1759 1095 1996 1131 orbicularem

368 1158 540 1205 expansis
564 1162 598 1192 ct
625 1156 876 1196 lacinulit'eris,
906 1167 974 1201 quo
1003 1156 1040 1190 fit
1069 1155 1280 1190 orbicularis
1309 1160 1343 1190 et
1371 1155 1575 1195 imbricata,
1604 1155 1707 1190 modo
1735 1154 1998 1190 fiabelliformis

368 1223 403 1253 et
428 1215 900 1253 subdiehotomo-laciniata,
931 1215 1073 1250 laciniis
1100 1216 1174 1248 fere
1202 1213 1408 1249 linearibus.
1465 1213 1628 1260 Utraque
1657 1216 1771 1249 forma
1799 1224 1898 1259 saepe
1918 1225 1998 1259 pro-

370 1277 504 1311 miscue
549 1275 695 1310 crescit.
732 1274 794 1308 illa
828 1273 1041 1316 ceramidia,
1079 1278 1115 1308 ut
1158 1274 1191 1307 in
1232 1272 1433 1307 Melobesia
1476 1272 1642 1318 Lejolisii
1670 1272 1998 1319 deplanato-hemi-

369 1335 549 1381 sphaerica
587 1345 665 1369 cum
709 1333 917 1379 sporangiis
951 1335 973 1367 4
1002 1344 1130 1378 speras
1159 1331 1437 1374 continentibus,
1467 1331 1546 1366 hzee
1575 1343 1678 1367 soros
1705 1331 2000 1377 tctrasporiferos

369 1396 500 1429 ferens.
555 1393 684 1427 Talem
728 1391 848 1426 inveni
886 1392 1068 1440 plantam.
1111 1402 1216 1436 quam
1252 1390 1297 1425 ad
1328 1389 1559 1425 Warltolmen
1590 1395 1691 1425 extra
1719 1389 1997 1435 Gotltoburgum

370 1454 460 1499 legit
491 1464 592 1487 soror
621 1451 777 1486 Domina
807 1451 840 1487 S.
870 1441 1090 1493 islkcrmark,
1121 1462 1187 1485 nec
1215 1455 1439 1495 tetrasporas
1469 1448 1621 1484 vidimus
1650 1449 1685 1483 in
1715 1447 1858 1484 aliunde
1878 1459 1999 1494 repor-

371 1513 455 1547 tatis
484 1511 752 1558 speciminibus.

525 1570 630 1605 Hanc
659 1570 818 1616 speeiem
846 1581 927 1604 esse
957 1570 1107 1604 formam
1137 1567 1348 1602 Melobesiae
1375 1566 1540 1612 Lejolisii
1568 1565 1627 1600 vix
1657 1565 1740 1600 1111111
1761 1566 1898 1612 fingere
1918 1578 2000 1613 pos-

371 1643 459 1666 sunt.
502 1630 601 1665 Data
632 1628 826 1674 descriptio
856 1639 900 1662 ex
929 1627 1188 1674 speciminibus
1216 1627 1249 1661 in
1279 1627 1431 1662 Zostera
1459 1625 1704 1660 crescentibus
1734 1625 1910 1660 exhausta
1936 1630 1999 1660 est.

372 1689 442 1725 sed
484 1701 553 1723 non
598 1688 675 1723 sine
719 1687 939 1722 dubitatione
974 1686 1065 1721 hane
1107 1686 1255 1721 formam
1300 1686 1334 1720 111
1363 1685 1514 1720 Zostera
1542 1684 1588 1718 ad
1617 1696 1737 1719 veram
1766 1684 2000 1719 Melobesiam

372 1749 565 1783 t'arinosatn
609 1748 741 1787 refero,
784 1746 901 1792 potius
944 1745 1102 1792 speeiem
1139 1745 1345 1779 distinctam
1386 1755 1464 1778 eam
1499 1743 1725 1778 Melobesmm
1753 1744 2001 1791 flabellffermn

373 1807 556 1842 nominare
587 1805 729 1848 velle1n‚
761 1805 829 1840 nisi
855 1810 979 1839 nostra
999 1804 1043 1839 de
1063 1803 1254 1849 speciebus
1274 1802 1485 1838 Melobesiae
1505 1802 1662 1847 cognitio
1683 1806 1754 1837 tam
1776 1815 1874 1849 vaga
1894 1808 2000 1837 esset.

883 1953 1365 1995 LITHOTHAMNION
1396 1952 1491 1994 Phil.

856 2050 989 2080 Aresch.
1013 2049 1044 2080 in
1068 2050 1096 2080 J.
1123 2050 1184 2088 Ag.
1212 2058 1259 2089 sp.
1286 2048 1303 2078 1.
1330 2058 1371 2086 e,
1406 2058 1433 2088 p.
1459 2048 1530 2077 2319.

378 2124 406 2155 1.
462 2118 895 2155 LITHOTHAMNION
924 2119 1126 2154 ealcareum
1155 2118 1223 2152 1⁴:11.
1246 2122 1280 2152 et
1302 2116 1373 2153 Sol.
1403 2138 1452 2141 ——
1480 2115 1631 2150 Arescli.
1654 2115 1672 2150 l.
1695 2127 1725 2151 c.
1747 2127 1777 2161 p.
1802 2119 1885 2151 523.

478 2207 552 2231 var.
573 2195 810 2241 nore-esse'cum:
829 2194 1059 2229 fruticit'orme
1080 2194 1114 2228 in
1135 2193 1243 2228 fundo
1266 2192 1377 2227 libere
1393 2192 1541 2237 jacens,
1557 2191 1705 2225 ramulis
1725 2192 1898 2227 teretibus
1924 2193 2003 2228 sine

477 2254 600 2289 ordine
626 2253 764 2300 sparsis
785 2253 853 2288 huc
873 2258 907 2287 et
927 2253 1011 2288 illue
1033 2252 1280 2299 spectantibus
1310 2250 1415 2285 modo
1445 2250 1590 2285 remotis
1613 2249 1718 2295 modo
1740 2251 2000 2297 approximatis

476 2313 498 2347 l.
533 2312 822 2347 subfasciculatis
865 2312 1090 2357 longitudine
1132 2310 1370 2356 inaequalibus
1408 2309 1427 2343 l.
1464 2309 1660 2354 fastigiatis
1695 2309 1787 2344 inter
1816 2322 1854 2345 sc
1879 2310 2003 2346 liberis

477 2372 498 2406 1.
528 2372 602 2406 fere
631 2371 929 2411 coalescentibus,
958 2370 1161 2405 ceramidiis
1196 2370 1228 2404 in
1258 2379 1435 2404 ramorum
1464 2369 1627 2414 apicibus
1661 2369 1950 2404 subincrassatis.

526 2439 566 2473 In
612 2439 701 2473 mari
743 2438 936 2484 norvegico
978 2449 1089 2484 prope
1126 2435 1352 2482 Hangesund
1378 2435 1411 2470 in
1442 2436 1538 2470 exitu
1567 2437 1839 2482 septentrionali
1868 2440 2002 2483 portus,

375 2497 409 2531 in
438 2497 546 2531 fundo
578 2499 724 2531 10-15
754 2508 889 2544 orgyas
917 2497 988 2532 alto
1018 2496 1281 2532 stratit'ormiter
1310 2495 1477 2530 eflusum:
1514 2494 1576 2529 Dr.
1606 2494 1690 2530 Veit
1718 2495 1914 2540 Wittrock,
1944 2495 2003 2541 qui

375 2555 575 2600 specimina
603 2556 777 2591 benevole
807 2555 1093 2591 connnunieavit.
