2080 3006
539 219 854 256 OBSERVATIONES
884 221 1175 257 PHYCOLOGICAE.
1574 226 1629 272 29,

44 323 127 358 tubo
157 321 431 368 germinationis
466 322 572 357 unius
610 321 908 368 plneozoosporae
936 334 1004 357 non
1033 327 1115 357 sunt
1143 324 1412 360 commutandae.
1469 325 1558 361 Cum
1588 338 1670 362 con-

38 381 220 427 junctione
247 379 501 426 progrediente
528 380 757 427 progreditur
786 392 924 426 quoque
957 381 1140 416 cellulosae
1168 382 1350 418 formatio.
1381 389 1416 418 ut
1445 384 1560 419 ambre
1589 396 1670 420 con-

37 434 171 486 junetae
200 439 507 485 pliaeozoospoi·ae‚
535 440 619 474 tubo
649 439 885 484 cojunctionis
914 440 1064 475 formato
1093 444 1127 474 et
1159 440 1444 488 pliaeozoospora
1473 444 1672 479 masculina

45 501 228 536 evacuata.
256 497 397 544 possint
425 498 549 533 haberi
579 498 738 533 cellulae.
769 509 849 543 quae
878 499 1086 533 membrana
1107 499 1282 543 cellulari,
1305 512 1516 547 quamquam
1539 503 1671 538 tenuis-

44 557 149 600 sima,
182 556 252 591 sint
286 556 525 591 circumdatae.
580 556 909 603 Pliaeozoosporam
934 557 1166 592 masculinam
1197 564 1406 594 evacuatam
1437 572 1499 595 seu
1530 561 1669 596 inanem

43 626 139 661 saepe
168 615 441 654 nominavimus;
469 615 651 651 fatendum
682 620 736 650 est
764 619 901 657 tamen,
939 617 1017 661 ejus
1046 617 1316 652 evacuationem
1347 619 1380 653 in
1409 620 1670 667 phaeozoospo-

45 685 117 709 ram
147 674 334 709 femineam
362 685 427 709 nos
458 685 636 719 nunquam
666 673 819 716 vidisse,
849 674 941 720 quod
971 674 1004 709 in
1032 676 1253 721 corpusculis
1283 681 1353 711 tam
1384 679 1505 723 parvis
1534 690 1590 713 res
1617 684 1671 714 est

44 732 148 768 nimis
189 733 345 767 fortuita.
400 732 700 778 Pliaeozoospora
742 733 941 768 masculina
982 739 1173 776 evacuata,
1203 734 1489 783 pliaeozoospora
1518 738 1671 773 feminea

44 791 166 838 incipit
193 803 238 826 ex
266 792 489 827 extremitate
518 791 685 826 inferiore
715 792 877 827 emittere
906 793 1178 838 germinationis
1206 794 1342 834 tubum,
1373 796 1431 840 qui
1454 797 1586 831 sensim
1615 809 1669 832 ar-

43 851 210 886 ticulatus
250 849 288 884 fit
331 861 521 896 ramosque
566 856 739 896 procreat.
796 850 1100 897 Phaeozoosporae
1136 853 1261 887 rostris
1296 859 1551 890 connectuntur
1581 856 1670 890 veri-

42 909 203 945 similiter
231 920 273 943 eo
301 909 473 954 temporis
501 914 692 949 moment0‚
721 921 790 955 quo
820 910 853 944 in
884 921 1034 945 acervos
1063 911 1282 957 colliguntur
1311 918 1346 947 ct
1375 914 1579 948 moriuntur.

193 967 232 1002 In
262 968 403 1002 acervis
431 967 798 1014 pliaeozoosporarum
827 969 1103 1014 germinantium
1132 971 1367 1006 observantur
1387 973 1669 1017 germinationes

43 1026 193 1074 duplicis
222 1027 385 1072 generis:
429 1029 464 1071 l)
482 1027 760 1074 foecmzdcctione
788 1034 928 1069 morae,
960 1028 993 1062 in
1022 1029 1150 1074 quibus
1178 1029 1250 1064 exit
1271 1030 1376 1065 tubus
1397 1031 1670 1076 germinationis

41 1097 84 1121 ex
124 1085 348 1121 extremitate
391 1085 558 1120 inferiore
598 1085 895 1132 1)liaeozoosp01·ae
930 1087 1109 1129 femineae,
1142 1099 1221 1133 qua}
1251 1100 1327 1123 eum
1359 1090 1557 1125 masculina
1587 1102 1668 1126 eva-

43 1149 144 1180 cuata
179 1145 368 1190 conjuncta
405 1149 459 1179 est
488 1144 570 1190 (tab.
602 1144 653 1179 III
682 1144 742 1190 fig.
775 1145 852 1192 11):
890 1147 926 1190 2)
954 1146 1028 1180 „sine
1053 1147 1320 1185 feet-zrmlutione
1348 1156 1488 1189 morae,
1518 1150 1550 1184 in
1594 1150 1668 1195 qui-

41 1205 106 1240 bus
135 1203 420 1250 plizeozoospora
449 1203 609 1238 solitaria
643 1203 769 1238 emittit
799 1204 918 1238 tubum
948 1205 1221 1249 germinationis
1251 1206 1403 1252 denique
1425 1208 1668 1249 articulatum,

40 1264 75 1298 in
103 1274 204 1309 quem
235 1262 431 1297 demittitur
462 1262 540 1308 ejus
570 1262 739 1296 materies
769 1262 924 1304 inclusa,
951 1263 1031 1309 ipsa
1051 1264 1229 1309 spl1ae1·ica
1250 1270 1283 1299 et
1306 1277 1419 1300 vacua
1436 1269 1472 1310 (t.
1490 1267 1541 1301 III
1557 1269 1578 1302 t'.
1597 1270 1666 1314 13).

41 1322 144 1357 Hane
173 1320 470 1367 germinationem
508 1321 542 1355 in
580 1319 728 1356 Chorda
755 1326 955 1356 tomentosa
984 1334 1093 1368 supra
1121 1324 1396 1360 memoravimus
1432 1328 1467 1370 (t.
1499 1325 1512 1359 l
1541 1326 1561 1361 f.
1595 1329 1667 1371 11).

191 1380 229 1416 Si
257 1380 313 1414 11ae
342 1383 473 1414 nostrae
501 1379 773 1415 observationes
800 1386 896 1425 sunt,
919 1386 954 1415 nt
975 1393 1180 1427 speramus,
1201 1393 1298 1417 verae
1321 1387 1355 1417 et
1376 1384 1545 1424 stabiles,
1565 1385 1668 1420 adest

39 1440 130 1476 inter
165 1438 581 1484 Chlorozoosporearum
617 1443 651 1473 et
680 1438 1072 1486 Phaeozoosporearum
1098 1440 1408 1476 foecundationcni
1439 1447 1539 1477 tanta
1567 1443 1667 1478 (liffe-

39 1498 168 1541 rentia,
212 1503 248 1533 ut
278 1497 370 1532 lianc
405 1496 529 1543 paucis
566 1497 684 1532 verbis
720 1498 899 1544 attingere
935 1499 1000 1533 abs
1036 1510 1073 1534 rc
1109 1511 1176 1534 non
1211 1500 1365 1536 alienum
1396 1506 1569 1547 putemus.
1624 1503 1663 1537 In

39 1557 109 1592 illis
151 1556 230 1592 duae
272 1556 584 1602 ehlorozoosporae
627 1557 859 1602 (corpuscula
898 1557 967 1592 duo
1011 1559 1343 1605 protoplasmatica)
1386 1561 1593 1596 coalescunt
1632 1563 1665 1597 in

38 1626 362 1662 zygozoospomm,
410 1615 544 1650 sensim
583 1616 791 1651 membrana
828 1616 1086 1652 circumdatam
1125 1622 1159 1652 et
1196 1618 1348 1664 (lenique
1376 1620 1667 1665 germinaturam.

41 1674 79 1709 In
108 1673 433 1720 Pliaeozoosporeis
468 1679 585 1709 autem
621 1679 877 1710 connectuntur
906 1676 1150 1712 tantummodo
1179 1678 1321 1719 rostris,
1352 1689 1429 1713 cum
1460 1681 1665 1722 moriuntur,

40 1733 323 1779 phaeozoospora.
365 1732 563 1768 masculina
603 1738 637 1768 et
679 1734 849 1777 t'eminea3
899 1734 1028 1770 deinde
1070 1740 1219 1781 utraque
1260 1737 1467 1772 membrana
1508 1738 1667 1773 cellulari

39 1792 200 1830 vestitur:
238 1791 304 1826 hoe
337 1792 431 1826 facto
465 1796 615 1837 utraque
652 1804 772 1828 earum
803 1799 858 1829 est
886 1805 972 1828 vera
999 1793 1129 1828 cellula
1158 1799 1192 1829 et
1220 1795 1446 1831 foecundatio
1476 1797 1664 1843 perficiturq

38 1861 107 1896 qua
148 1850 307 1897 perfecta
348 1850 428 1896 ipsa
469 1850 756 1898 pliaeozoospora
799 1853 954 1887 feminea
996 1852 1227 1888 immediatim
1256 1855 1479 1899 lgerminare
1530 1856 1663 1901 incipit.
1716 1861 1724 1867 “·

37 1909 176 1944 Absunt
212 1909 330 1954 itaque
367 1920 490 1944 omnes
527 1921 762 1957 zygosporze,
794 1916 828 1945 et
856 1916 975 1958 potest
1003 1911 1120 1958 potius
1148 1912 1436 1960 pliaeozoospora
1468 1915 1665 1950 masculina

37 1967 71 2002 in
102 1967 309 2003 memoriam
340 1979 512 2002 revocare
542 1969 730 2014 granulum
761 1970 905 2016 pollinis
935 1971 1019 2006 tubo
1048 1971 1274 2017 conjunctum
1299 1983 1375 2007 cum
1398 1973 1560 2007 vesicula.
1580 1985 1663 2019 qua-

38 2025 117 2062 dam
146 2026 365 2073 embryonali
387 2029 428 2072 (=
449 2026 733 2074 pliaeozoospora
763 2029 942 2075 feminea).

186 2084 364 2129 Quantum
394 2086 439 2120 ab
470 2087 718 2132 procreatione
746 2088 1042 2134 pliaeozoosporze
1070 2089 1103 2123 in
1132 2090 1210 2134 ejus
1244 2089 1538 2134 germinationem
1573 2102 1661 2137 prze-

37 2144 230 2179 terlabatur
258 2145 428 2191 temporis
471 2146 641 2191 spatium,
682 2147 789 2182 certis
831 2147 1086 2193 experimentis
1127 2148 1326 2194 comperire
1368 2159 1435 2182 non
1473 2150 1661 2194 potuimus.

37 2201 158 2237 Pauca
197 2203 441 2238 tantummodo
483 2204 612 2239 afferre
654 2205 747 2240 lieet.
810 2205 879 2240 Die
921 2208 963 2240 :21
1009 2205 1166 2251 Augusti
1202 2207 1290 2241 hora
1324 2206 1376 2240 IX
1411 2218 1441 2240 a.
1480 2219 1521 2243 m.
1560 2209 1662 2254 plura

37 2260 331 2308 Dictyosiplionis
373 2263 598 2309 lrippuroidis
639 2264 837 2310 specimina
865 2265 900 2300 in
929 2269 1105 2299 craterem
1135 2264 1301 2310 deposita
1328 2266 1482 2307 fuerantff
1515 2278 1558 2301 ex
1587 2268 1660 2313 qui-

37 2319 102 2355 bus
130 2331 262 2365 magna
290 2321 375 2356 exiit
403 2321 508 2368 copia
535 2322 911 2369 phaeozoosporarum.
967 2323 1067 2357 Hora
1094 2322 1127 2358 V
1156 2335 1186 2368 p.
1217 2334 1259 2357 m.
1290 2323 1411 2358 harum
1442 2324 1560 2370 longae
1587 2326 1662 2372 plu-

37 2377 136 2412 rimae
163 2378 365 2416 immobiles
392 2385 427 2415 et
454 2380 535 2426 plus
566 2381 682 2416 minus
710 2382 911 2416 rotundatae
938 2382 1087 2416 fuerunt,
1142 2381 1199 2416 Ex
1228 2382 1299 2417 his:

72 2458 163 2490 lzmo
190 2456 365 2501 rotundae,
396 2457 473 2492 sine
499 2457 711 2492 formatione
740 2458 814 2492 tubi
844 2456 1097 2503 ge1·minantis;
1126 2457 1283 2493 maxima
1311 2459 1508 2494 multitudo.

73 2512 152 2548 2zdo
186 2515 366 2559 rotundae,
397 2527 475 2550 eum
504 2516 718 2550 formatione
748 2516 821 2551 tubi
852 2515 1105 2561 germinantis⁷
1135 2516 1198 2551 sed
1229 2517 1524 2553 antecedentibus
1553 2519 1660 2564 longe

188 2573 377 2618 pauciores
407 2577 458 2619 (ut
486 2574 519 2608 in
552 2575 623 2609 tal).
653 2574 704 2609 ΙΙΙ
732 2574 792 2620 fig.
815 2576 916 2620 13a).
