2080 3006
555 212 870 248 OBSERVATIONES
898 213 1192 250 PHYcoLomoAE.
1596 217 1641 250 23

62 314 184 354 cretis,
215 324 233 347 e
262 317 374 348 strato
404 312 571 348 inferiore
600 313 759 348 oriundis
788 315 966 354 confecta;
995 315 1134 350 cellula}
1166 317 1200 350 in
1226 315 1415 361 superficie
1444 316 1589 351 minutae
1611 317 1692 351 sub-

63 371 293 419 polyefflieae,
324 371 344 405 l.
375 372 547 417 majores,
576 373 847 418 rectangulares
876 378 910 408 et
942 373 976 408 in
997 373 1110 408 series
1129 373 1427 409 flabelliformiter
1452 379 1617 410 arcuatas
1638 387 1693 410 se-

63 431 181 472 riatae,
210 429 338 475 quibus
368 429 402 464 in
431 430 565 465 ambitu
607 431 737 465 erescit
776 432 905 478 planta.
975 432 1249 478 Zoosporangia
1286 432 1319 467 in
1354 432 1424 467 filis
1460 433 1692 469 verticalibus

63 488 378 524 transformatione
398 487 538 522 cellulae
562 489 715 534 apicalis
735 495 876 533 exorta,
906 490 1059 536 indeque
1075 491 1109 525 in
1127 495 1247 525 crusta
1263 491 1522 537 superficialia:
1556 493 1590 539 1)
1610 494 1690 526 vni-

64 547 230 582 [ocularia
247 547 416 585 obovata;
445 548 482 594 2)
506 548 774 583 multiloeularia
790 548 1094 593 lineari-oblonga
1110 549 1130 583 l.
1150 549 1517 596 elongatoelliptica,
1542 550 1612 586 filis
1630 551 1691 585 mi-

63 606 154 641 nutis
183 605 405 640 subramosis
436 605 610 651 apiceque
639 606 958 652 elongato-inflatis
988 607 1185 642 lateraliter
1210 607 1352 642 adnata.
1389 608 1549 655 Utraque
1570 610 1690 644 fructi-

60 664 178 700 ficatio
208 664 241 698 in
265 663 419 699 diversis
442 663 591 710 plantis,
621 665 762 711 filisque
790 665 1037 705 verticalibus‚
1071 676 1216 711 quorum
1240 666 1379 702 cellulae
1401 667 1559 713 apicales
1584 669 1691 714 longe

62 728 143 758 sunt
172 722 373 768 productae,
395 723 644 758 cimcumdata.

215 780 440 826 Quamquam
483 781 588 827 hujus
627 789 660 817 et
702 782 854 818 Ralfsiae
896 782 1083 817 crescendi
1119 783 1244 818 modus
1285 789 1320 818 et
1359 784 1561 819 anatomica
1603 798 1690 821 evo-

61 839 146 875 lutio
170 839 272 874 nobis
300 838 452 874 noudum
472 845 553 875 sunt
573 840 685 882 clara,
715 847 769 876 est
789 847 884 877 certe
906 842 998 876 inter
1019 846 1205 888 utrumque
1229 854 1345 888 genus
1373 842 1575 878 differentia
1595 855 1690 889 qute-

61 898 142 933 dam
171 898 390 942 anatomica,
413 910 518 944 quan]
541 905 659 934 tamen
682 899 712 934 h.
731 901 750 935 l.
769 901 916 935 ulterius
936 912 1003 935 non
1022 901 1223 945 tangimus,
1254 913 1335 935 nam
1357 901 1538 946 utriusque
1559 902 1691 947 plantae

60 957 287 992 fructificatio
321 961 392 990 tam
432 962 488 991 est
530 957 688 998 diversa,
734 964 769 993 ut
811 970 939 994 novum
983 959 1138 994 condere
1180 970 1295 1004 genus
1340 959 1442 994 nobis
1477 971 1689 996 concessum

63 1015 236 1050 videatur.

67 1179 95 1210 1.
149 1174 488 1210 LITHODERMA
518 1176 690 1211 fatiscens
719 1176 868 1211 Arescli.

215 1275 347 1311 Crusta
378 1276 449 1311 late
486 1277 601 1312 effusa
637 1278 833 1324 conspicua
867 1288 976 1323 supra
1018 1277 1099 1311 lzevi
1136 1277 1288 1323 denique
1319 1278 1497 1313 crassiore
1527 1279 1601 1313 aeri
1631 1291 1689 1313 ex-

60 1335 178 1381 posita
206 1335 240 1369 in
269 1334 420 1369 frustula
445 1335 644 1371 fatiscente,

213 1427 353 1462 Raltsia
382 1433 533 1463 extensa
562 1428 705 1464 Crouan
736 1427 881 1462 Florule
911 1427 955 1462 du
983 1428 1163 1462 Finistere
1192 1439 1223 1473 p.
1260 1430 1364 1463 loos?

254 1508 303 1512 —
382 1486 553 1522 fatiscens
584 1487 734 1523 Areseh.
764 1487 798 1521 in
825 1486 967 1522 Seliolis
995 1486 1096 1521 acad.

212 1587 411 1622 Minoribus
451 1593 485 1622 et
529 1589 725 1634 majoribus
759 1588 955 1634 lapidibus,
998 1590 1197 1635 praesertim
1235 1589 1435 1624 rotundatis
1475 1588 1618 1631 adnata7
1653 1590 1687 1624 in

59 1645 167 1681 fundo
197 1646 305 1681 maris
330 1648 427 1681 3—8
456 1658 591 1694 orgyas
620 1648 708 1690 alto,
739 1659 760 1682 a
787 1647 905 1682 taeniis
935 1646 1302 1694 Gothoburgensibus
1331 1660 1443 1694 usque
1470 1647 1515 1682 ad
1537 1647 1687 1683 Wader-

60 1709 169 1740 oarne
198 1704 370 1750 (Ekman)
405 1710 440 1740 et
467 1705 602 1741 Koster
631 1706 745 1753 (Ipsi).
800 1705 841 1740 In
868 1706 957 1741 mari
987 1707 1150 1742 orientali
1176 1718 1316 1753 quoque
1344 1707 1474 1752 legitur
1503 1718 1615 1752 usque
1644 1707 1687 1742 ad

60 1764 211 1800 Dalaro.
266 1763 475 1799 Fructificat
504 1764 641 1811 hyeme.

214 1822 254 1857 In
290 1834 422 1868 magno
459 1828 493 1858 et
527 1824 717 1859 rotundato
751 1824 871 1870 lapide
912 1829 1031 1859 crusta
1066 1829 1163 1859 arete
1197 1824 1345 1867 adnata⁷
1376 1824 1549 1859 diametro
1577 1836 1689 1870 usque

59 1880 216 1927 pedalis,
259 1881 322 1916 sed
352 1881 412 1916 vix
440 1882 521 1928 plus
549 1894 654 1928 quam
688 1885 702 1916 1
732 1894 799 1918 nim
830 1895 971 1923 crassa,
1015 1894 1124 1929 supra
1143 1883 1247 1918 laevis
1267 1883 1354 1918 etin
1377 1894 1469 1928 aqua
1491 1883 1687 1921 subnitida;

59 1939 214 1975 adultior
249 1950 326 1974 cum
363 1945 432 1983 est,
471 1940 504 1975 in
540 1941 708 1976 interiore
748 1946 850 1988 parte
876 1942 1021 1988 paginae
1050 1942 1246 1988 superioris
1275 1942 1415 1977 cellulae
1441 1941 1689 1986 superficiales

59 1998 88 2044 (i
116 2009 144 2034 e.
172 1998 295 2044 apices
323 1998 462 2033 filorum
492 2000 748 2047 verticalium)‚
789 2001 954 2036 videntur
994 2001 1149 2035 formare
1191 2000 1435 2046 pai-encllyma
1470 2010 1513 2033 ex
1550 1999 1688 2034 cellulis

59 2056 280 2103 polycdricis
309 2057 559 2093 minutissimis
588 2064 846 2099 constructum
871 2059 935 2095 sed
964 2059 997 2094 in
1027 2059 1176 2101 ambitu,
1217 2060 1251 2094 iu
1285 2070 1354 2104 quo
1388 2062 1508 2092 crusta
1541 2058 1686 2099 crescit,

58 2115 93 2149 in
132 2116 261 2150 crustis
304 2116 511 2151 novissimis
555 2122 588 2152 et
629 2118 663 2153 in
705 2118 989 2164 prolifieantibus
1018 2122 1099 2153 suut
1127 2118 1266 2153 cellulae
1295 2117 1560 2163 superficiales,
1588 2121 1625 2151 ut
1653 2117 1686 2151 in

60 2173 155 2208 char.
185 2174 330 2219 generis
360 2175 557 2218 attulimus,
590 2176 664 2210 fere
693 2178 980 2223 rectangulares.
1015 2176 1189 2211 ordinatae
1218 2177 1251 2211 in
1278 2176 1405 2217 series⁷
1437 2186 1516 2220 quae
1536 2175 1687 2210 lacinias

60 2232 280 2277 marginales
309 2238 455 2273 crustae,
489 2233 699 2280 plerumque
729 2235 1014 2277 flabelliformes,
1044 2235 1183 2269 intrant.
1239 2234 1308 2269 Hae
1339 2233 1477 2268 cellulae
1507 2233 1609 2268 nobis
1638 2235 1686 2268 vi-

60 2289 187 2325 dentur
207 2291 388 2336 juniores,
419 2303 463 2326 ex
491 2303 637 2337 quarum
669 2293 845 2329 divisione
876 2292 1037 2328 verticali
1065 2292 1125 2327 fila
1154 2293 1339 2327 verticalia
1373 2303 1516 2326 numero
1552 2303 1686 2337 augen-

59 2352 122 2384 tur.
170 2348 252 2383 Fila
280 2350 465 2385 verticalia
492 2350 658 2392 linearia,
694 2353 891 2398 li¹s2—1⁴2
920 2354 1035 2386 mermm
1063 2363 1206 2391 crassa,
1236 2356 1271 2385 et
1300 2362 1344 2385 ex
1374 2352 1496 2385 ιδ’-12
1527 2351 1686 2386 articulis

57 2411 273 2454 constructa,
321 2408 459 2443 articuli
508 2421 613 2455 quam
661 2410 872 2445 diametrum
922 2410 1123 2451 breviores,
1180 2409 1434 2455 subquadrati,
1487 2420 1555 2444 non
1604 2422 1684 2445 raro

59 2465 298 2501 endoehroma
319 2466 355 2501 in
377 2467 560 2512 globulum
579 2469 773 2503 centralem
791 2468 987 2514 collapsum
1007 2466 1238 2502 continentes.
1270 2468 1326 2502 De
1348 2467 1618 2503 fructificatione
1635 2469 1685 2503 cfr

60 2524 155 2558 char.
187 2524 341 2569 generis.
